2304 3590
474 385 711 430 ANTHOLOGIA
738 387 885 429 LATJNA.

631 607 720 644 com

577 716 621 767 De
634 715 762 770 Nanneio.

337 833 342 841 ⁴
356 867 363 883 ι
375 821 410 907 9ss*
424 821 430 877 ι’
455 837 573 887 EDERE
583 839 666 903 primo
677 839 764 888 solitus
774 840 801 887 in
811 839 893 905 gradu
905 855 998 905 semper

421 919 444 941 '¹
471 919 551 982 Tune,
561 935 618 968 eum
628 919 714 969 lioeret
724 936 854 985 occupare,
866 921 1001 977 Nanneius,

471 1000 516 1048 Bis
526 1001 651 1050 excitatus
661 1007 750 1065 terque
762 1002 891 1053 transtulit
901 1010 989 1060 cesus,

391 1079 425 1129 Et
435 1080 501 1129 inter
510 1083 578 1146 ipsas
587 1097 666 1147 paene
677 1084 767 1132 tertius
779 1083 852 1132 selles

390 1160 451 1210 Post
463 1162 604 1227 Gaiumque
614 1163 769 1227 Luciumque
780 1164 898 1213 consedit.

389 1241 462 1292 Illino
473 1243 569 1293 cucullo
579 1244 698 1309 prospicit
708 1252 785 1309 eaput
794 1251 876 1295 tectus

391 1322 518 1388 Oculoque
528 1323 600 1373 ludos
610 1332 706 1389 spectet
715 1325 832 1375 indeeens
843 1342 900 1376 uno.

390 1404 425 1454 Iit
435 1404 494 1454 hino
504 1407 580 1455 miser
590 1406 700 1456 deiectus
710 1408 737 1456 in
746 1408 813 1457 viem
824 1410 923 1466 transit,

391 1485 564 1551 Subsellioque
575 1487 716 1537 semifultus
726 1495 841 1539 extremo

390 1567 424 1616 Et
434 1568 498 1617 mele
510 1576 624 1634 receptus
635 1569 714 1619 altero
724 1586 792 1635 genu
802 1572 888 1634 iactet,

390 1648 478 1713 Equiti
490 1650 575 1699 sedere
585 1649 707 1716 Leitoque
718 1666 744 1700 se
756 1659 830 1702 sture.

843 1738 895 1785 [λὺ.
907 1750 931 1785 v..
942 1735 989 1782 xiv.

561 1907 565 1914 ’
624 1931 725 1968 ooxvn.

506 2037 553 2090 Au
564 2038 661 2092 Iulium
673 2039 838 2093 Martialem.

365 2150 503 2275 ἕῴΙ
514 2181 596 2224 tecum
607 2174 677 2231 mihi,
688 2191 745 2225 esre
755 2175 892 2232 Martialis,

365 2221 476 2361 Q&
507 2254 606 2306 Securis
617 2256 690 2306 lioeet
699 2256 751 2307 frui
761 2256 858 2319 diebus,

382 2332 431 2379 »ἐ
442 2327 471 2382 2⁴*
506 2336 531 2385 Si
544 2337 674 2402 disponere
685 2345 784 2403 tempus
795 2339 900 2388 otiosum

357 2415 392 2464 Et
401 2432 474 2467 verae
485 2419 579 2482 pariter
589 2434 677 2468 veeere
688 2420 768 2469 vitae:

359 2497 412 2547 Neo
422 2514 468 2546 nos
479 2499 553 2561 atria,
563 2515 608 2548 nee
619 2499 705 2549 domos
716 2507 855 2566 potentum,

357 2578 410 2627 Nee
419 2579 476 2628 lites
487 2581 587 2629 tetricas
597 2579 729 2645 forumque
738 2582 812 2630 triste

357 2659 500 2718 Nossemus,
511 2676 556 2709 neo
567 2661 688 2726 imagines
699 2661 837 2727 superbas;

358 2738 407 2788 Sed
417 2740 534 2804 gestatio,
545 2739 652 2798 fabulae,
662 2740 749 2802 libelli,

356 2818 475 2884 Campus,
487 2820 606 2884 porticus,
617 2820 714 2879 umbra,
726 2821 807 2887 virge,
817 2821 936 2884 thermae,
