2304 3590
350 410 558 454 marmus.

140 943 193 987 *⁴3:22⁴

129 977 223 1069 32⁹5
245 986 309 1042 Vos,
319 1003 376 1036 cum
387 991 467 1038 severi
477 989 543 1055 fugit
553 989 670 1055 oppidum
682 990 774 1040 Martis

128 1060 220 1116 'waf-
245 1069 279 1116 Et
288 1071 413 1133 inquietas
424 1070 505 1119 fessus
515 1073 587 1120 exuit
597 1087 678 1131 curas,

171 1154 325 1218 Apollinaris
336 1154 451 1203 omnibus
462 1153 524 1204 loeis
536 1155 652 1219 praefert.

170 1234 229 1282 Non
237 1235 279 1283 ille
290 1242 390 1283 sanctae
401 1234 473 1284 dulce
484 1234 564 1284 Tibur
574 1236 669 1297 uxoris,

170 1315 223 1363 Nec
235 1314 389 1364 Tusculanos
400 1314 537 1380 Algidosve
549 1331 668 1377 secessus,

170 1396 305 1445 Praeneste
315 1412 362 1445 nec
371 1397 407 1445 aie
417 1397 574 1462 Antiumque
585 1398 699 1447 miratur.

169 1477 226 1526 Non
237 1476 329 1525 blanda
340 1475 412 1526 Circe
423 1477 578 1531 Dardanisve
590 1477 677 1528 Caieta

171 1557 362 1614 Desiderantur,
373 1573 419 1606 nec
430 1557 528 1607 Marica
537 1574 584 1608 nec
593 1558 671 1621 Liris,

170 1637 195 1686 N
196 1655 223 1688 ec
234 1641 261 1687 iu
271 1638 382 1687 Lucrina
391 1638 443 1688 lota
455 1637 576 1689 Salmacis
587 1655 659 1689 vena.

170 1721 219 1770 Hic
229 1736 328 1770 summa
338 1719 388 1769 leni
400 1722 533 1787 stringitur
544 1720 633 1771 Thetis
644 1731 733 1786 vent03

167 1802 220 1851 Nec
230 1802 335 1867 languet
346 1816 448 1864 aequor,
459 1803 515 1851 viva
526 1801 572 1850 sed
581 1802 652 1866 quies
663 1806 733 1866 ponti

167 1882 262 1932 Pictam
273 1882 393 1947 phaselon
403 1881 536 1930 adiuvante
547 1881 597 1933 fert
608 1899 678 1944 aura,

90 1948 94 1959 ⁸
169 1964 238 2014 Sicut
248 1962 347 2028 puellae
356 1979 406 2011 uon
418 1964 525 2013 amantis
536 1972 657 2014 aestatem

166 2045 236 2094 Mota
247 2044 348 2093 salubre
358 2060 470 2109 purpura
481 2045 549 2094 venit
559 2045 651 2111 frigus.

167 2121 219 2170 Nec
229 2132 285 2170 seta
295 2120 372 2186 longo
382 2122 482 2185 quaerit
492 2123 519 2170 in
531 2122 595 2170 mari
605 2123 732 2186 praedam,

166 2203 214 2252 Sed
224 2219 239 2252 e
249 2201 346 2250 cubiclo
356 2200 496 2266 lectuloque
507 2202 625 2251 iactatam

166 2284 297 2349 Spectatus
309 2283 359 2331 alte
368 2282 460 2331 lineam
471 2282 549 2332 trahit
561 2283 640 2346 piscis.

165 2366 192 2413 Si
203 2363 304 2429 quando
314 2363 412 2412 Nereus
423 2364 499 2412 sentit
510 2363 585 2424 Aeoli
593 2378 708 2428 regnum,

167 2446 241 2494 Ridet
252 2443 375 2510 procellas
386 2452 442 2493 tuta
452 2444 483 2493 de
494 2460 539 2493 suo
549 2459 642 2492 mensa.

165 2528 264 2576 Piscina
274 2525 406 2575 rhombum
417 2527 497 2590 pascit
507 2535 534 2574 et
543 2523 615 2590 lupos
626 2540 723 2578 vernas.

165 2608 243 2657 Natat
253 2607 286 2656 ad
298 2608 445 2672 magistrum
456 2605 561 2654 delicata
570 2621 689 2654 muraena
698 2625 705 2669 3

166 2684 359 2735 Nomenculator
370 2683 488 2750 mugilem
499 2684 560 2732 citat
571 2692 658 2733 notum

165 2767 198 2817 Et
208 2767 295 2816 adesse
306 2766 367 2814 iussi
377 2765 501 2830 prodeunt
512 2779 582 2813 senes
593 2763 671 2812 mulli.

168 2849 226 2897 srui
237 2848 281 2898 sed
292 2847 348 2897 istis
358 2846 466 2913 quande,
480 2847 566 2903 Roma,
578 2845 702 2911 permittis
714 2844 725 2891 9
