2360 3598
335 408 363 453 7²
483 390 717 433 ANTHOLOGIA
745 391 888 434 LATINA.

333 486 419 550 Teque
429 486 491 535 adeo
502 486 577 535 decus
587 486 634 535 hoc
644 488 707 548 aevi,
718 493 743 535 te
754 485 870 546 Consule,
881 487 964 549 inibit,

333 567 421 628 Pollio,
432 577 458 616 et
468 569 586 632 incipient
597 569 681 633 magni
691 568 825 632 procedere
837 583 933 616 menses
942 587 949 632 3

333 648 370 697 Te
380 649 451 707 duce,
462 650 484 698 si
494 665 544 713 qna
554 657 655 698 manent
666 649 766 698 sceleris
777 650 883 715 vestigia
893 650 981 710 nostri,

333 730 413 779 Inrita
424 739 544 796 perpetua
552 731 647 779 solvent
657 731 789 779 formidine
799 741 885 780 terras.

332 811 379 859 Ille
390 811 463 859 deum
475 813 550 860 vitam
560 813 664 876 accipiet
676 812 788 875 divisque
800 812 892 860 videbit

333 892 474 941 Permixtos
486 893 575 941 heroas
586 901 611 942 et
622 895 674 957 ipse
686 893 809 942 videbitur
820 894 877 955 illis,

332 974 503 1038 Pacatumque
513 983 583 1040 reget
595 976 682 1039 patriis
693 975 828 1024 virtutibus
837 975 933 1024 orbem.

332 1055 370 1103 At
381 1056 426 1104 tibi
437 1058 525 1119 prima,
538 1072 609 1120 puer,
619 1056 688 1104 nullo
699 1056 845 1105 munuscula
854 1057 923 1105 cultu

332 1137 448 1185 Errantis
459 1137 564 1186 hederas
575 1138 667 1202 passim
677 1153 734 1185 cum
745 1138 864 1186 bacchate
876 1137 950 1186 tellus

332 1215 464 1279 Mixtaque
476 1216 567 1264 ridenti
577 1216 697 1264 colocasia
707 1216 793 1265 fundet
804 1217 918 1266 acantho.

332 1298 405 1360 Ipsae
415 1297 479 1345 laete
490 1297 589 1345 domum
600 1297 710 1345 referent
720 1296 827 1346 distenta
836 1298 944 1362 capellae

332 1378 427 1436 Ubera,
438 1394 483 1427 nec
494 1394 597 1445 magnos
607 1386 718 1427 metuent
729 1387 841 1427 armenta
852 1379 942 1429 leones,

332 1460 390 1522 Ipsa
401 1459 447 1507 tibi
456 1459 560 1508 blandos
571 1459 676 1508 fundent
687 1459 812 1508 cunabula
822 1459 903 1509 flores.

332 1537 433 1587 Occidet
442 1548 468 1587 et
480 1555 589 1602 serpens,
597 1547 622 1588 et
631 1539 709 1587 fallax
720 1540 798 1589 herba
806 1542 892 1589 veneni

332 1620 449 1684 Occidet3
465 1622 600 1685 Assyrium
611 1621 683 1686 volgo
694 1629 810 1670 nascetur
820 1637 952 1672 amomum.

332 1702 370 1748 At
381 1701 455 1749 simul
465 1701 570 1750 heroum
581 1702 668 1750 laudes
679 1709 705 1750 et
716 1703 783 1751 iacta
792 1705 902 1767 parentis

332 1781 386 1828 Iam
397 1781 480 1846 legere
489 1789 514 1830 et
525 1798 588 1846 quae
600 1783 632 1831 sit
642 1783 736 1846 poteris
746 1799 893 1847 cognoscere
905 1784 992 1845 virtus,

331 1863 404 1911 Molli
415 1864 535 1928 paulatim
546 1864 662 1913 flavescet
671 1880 773 1928 campus
783 1867 870 1926 arista,

332 1945 486 2010 Incultieque
498 1947 590 1995 rubens
601 1945 719 2010 pendebit
730 1947 841 1996 sentibus
852 1963 910 2007 uva,

331 2029 365 2076 Et
376 2029 453 2076 durae
464 2043 571 2090 quercus
583 2028 709 2076 sudabunt
720 2029 816 2078 roscida
827 2029 906 2077 mella.

331 2109 416 2158 Pauca
427 2118 511 2158 tamen
522 2111 643 2158 suberunt
653 2111 750 2174 priscae
758 2111 865 2175 vestigia
874 2110 979 2172 fraudis,

331 2191 402 2251 Quae
411 2199 533 2255 temptare
545 2191 645 2239 Thetim
656 2192 761 2252 ratibus,
769 2207 833 2256 quae
844 2193 944 2257 cingere
954 2194 1032 2240 muris

330 2272 438 2336 Oppida,
448 2287 512 2336 quae
524 2272 627 2321 iubeant
637 2271 721 2320 telluri
733 2272 853 2321 infindere
864 2273 951 2322 sulcos.

330 2353 405 2401 Alter
415 2354 464 2401 erit
473 2360 527 2401 tum
538 2352 644 2417 Tiphys,
655 2362 681 2402 et
692 2353 771 2403 ultera
781 2370 846 2418 quae
858 2354 931 2404 vehat
943 2356 1015 2420 Argo

330 2434 446 2483 Delector
457 2434 563 2498 heroes3
581 2442 655 2482 erunt
665 2434 742 2482 etiam
753 2435 832 2483 altera
843 2435 915 2497 bella,

330 2518 417 2580 Atque
425 2517 516 2564 iterum
525 2516 556 2564 ad
564 2516 665 2565 Troiam
674 2531 779 2581 magnus
790 2518 903 2566 mittetur
910 2517 1029 2566 Achilles.

330 2598 403 2654 Hinc.
414 2597 457 2645 ubi
468 2598 517 2646 iam
529 2598 628 2646 firmata
639 2599 720 2646 virum
732 2607 757 2647 te
767 2598 853 2648 fecerit
865 2608 943 2660 aetas,

329 2679 407 2728 Cedet
417 2688 443 2727 et
454 2680 506 2743 ipse
517 2680 581 2728 mari
591 2687 683 2741 vector,
695 2696 740 2729 nec
749 2681 850 2729 nautica
859 2681 934 2745 pinus

329 2761 440 2809 Mutabit
450 2776 559 2810 mercesz
577 2762 656 2808 omnis
667 2761 731 2810 seret
741 2762 824 2809 omnia
835 2761 916 2810 tellus.

329 2841 387 2890 Non
397 2849 490 2890 rastros
501 2842 611 2905 patietur
618 2841 720 2903 humus,
730 2857 780 2890 non
791 2842 864 2890 vinea
875 2841 961 2890 falcem
971 2863 979 2907 3
