2304 3590
424 349 484 393 STA
492 349 581 393 PIUS.
798 365 841 412 271

141 442 258 511 Alligat3
274 444 380 516 interius
391 460 456 494 nora
467 460 541 510 saepe
552 444 695 507 adscitaque
706 451 810 509 serpunt

140 525 253 590 Pignora
263 527 388 593 comesis.
423 525 504 575 Natos
514 526 631 591 genuisse
642 540 741 574 necesse
751 532 798 587 est,
838 561 841 569 .

140 606 180 656 At
189 606 281 673 legisse
292 609 368 656 iuvat.
402 607 500 656 Teucro
511 608 547 656 sic
557 606 664 655 blandus
675 606 768 654 Achilli

140 687 248 737 Semifer
259 689 425 738 Haemonium
436 689 550 737 vincebat
559 688 636 736 Pelea
647 686 750 736 Chiron.

141 769 196 818 Nec
206 771 306 834 genitor
316 769 406 827 Releus
418 777 505 818 natum
517 770 648 818 comitatus
658 769 685 816 in
695 784 765 817 arma

142 849 243 907 Troica,
254 851 298 899 sed
307 866 366 899 caro
373 849 489 908 Phoenix
499 849 619 898 haerebat
630 849 738 898 alumno.

143 930 255 996 Optabat
266 931 340 996 longe
351 931 447 980 reditus
457 931 579 980 Pallantis
590 938 691 979 ovantes

142 1012 268 1074 Evander,
279 1013 344 1062 fidus
353 1027 452 1078 pugnas
463 1011 592 1077 spectabat
602 1011 717 1061 Acoetes.

142 1094 277 1158 Quumque
287 1093 375 1158 procul
385 1092 471 1141 nitidis
482 1093 581 1157 genitor
591 1100 700 1141 cessaret
711 1091 742 1142 ab
753 1095 838 1156 astris,

141 1175 305 1241 Fluctivagus
317 1173 443 1224 volucrem
451 1173 566 1223 comebat
574 1171 668 1222 Persea
679 1159 786 1239 Dictys>

694 1271 717 1303 v.
731 1259 811 1303 rsa-95.

251 1358 264 1382 ι
363 1353 377 1381 a
475 1353 489 1378 ι
511 1387 512 1390 ¹
589 1353 602 1384 a
702 1353 716 1382 s

175 1418 287 1484 Septima
297 1417 352 1478 lus,
363 1424 388 1466 et
399 1417 450 1465 iam
459 1416 580 1482 frigentia
590 1417 685 1465 lumina
695 1424 803 1482 torpent,

143 1501 196 1549 Iam
207 1499 339 1563 complexa
349 1513 426 1546 manu
436 1497 530 1546 crinem
540 1504 609 1547 tenet
619 1497 699 1546 infera
709 1498 780 1546 Iuno.

143 1581 188 1629 llle
200 1589 294 1641 tamen,
305 1579 392 1628 Parcis
402 1578 504 1644 fragiles
514 1566 661 1644 urgentibus
670 1595 757 1641 annos,

143 1661 179 1710 Te
192 1662 263 1711 vultu
274 1661 396 1709 moriente
407 1660 483 1723 videt,
493 1659 628 1725 linguaque
638 1661 741 1709 cedente

144 1743 305 1807 Murmurat3
324 1743 351 1790 in
362 1750 386 1789 te
397 1757 482 1790 omnes
493 1742 566 1790 vacui
573 1743 623 1790 iam
632 1743 740 1806 pectoris
750 1742 818 1791 efflat

144 1824 295 1888 Relliquias,
307 1822 387 1872 solum
398 1823 510 1871 meminit
521 1823 649 1886 solumque
660 1830 788 1872 vocantem

144 1904 264 1966 Exaudit,
275 1904 371 1968 tibique
382 1919 426 1952 ora
436 1910 527 1964 movet,
537 1904 582 1952 tibi
593 1904 669 1952 verba
679 1904 805 1968 relinquit,

144 1985 177 2036 Et
187 1986 304 2052 prohibet
315 1985 424 2050 gemitus
434 1984 625 2048 consolaturque
636 1984 766 2035 dolentem.

146 2067 253 2117 Gratum
270 2074 317 2128 est,
334 2066 406 2122 Fata,
424 2073 516 2126 tamen,
534 2066 600 2129 quod
616 2081 666 2114 non
681 2082 748 2116 mors
764 2067 832 2116 lenta

242 2148 348 2197 iacentis

146 2229 238 2278 Exedit
248 2229 345 2294 puerile
356 2228 441 2290 decus,
451 2244 587 2293 manesque
598 2230 692 2285 subivit

147 2312 248 2377 Integer
259 2318 286 2359 et
296 2310 365 2358 nullo
376 2318 511 2360 temeratus
523 2327 626 2375 corpora
637 2312 735 2375 damno,

147 2392 233 2453 Qualis
241 2400 304 2441 erat.
332 2391 849 2461 Quidegoegequiasffltprodigaflammis

146 2473 218 2522 Dona
230 2474 322 2537 loquar
332 2479 476 2537 maestoque
487 2474 601 2523 ardentia
612 2475 701 2524 funera
712 2476 794 2524 luxu?

148 2553 219 2614 Quod
230 2556 278 2605 tibi
288 2569 414 2620 purpureo
425 2556 505 2604 tristis
516 2562 586 2605 torus
596 2572 687 2621 aggere
698 2559 784 2619 crevit,

148 2634 218 2695 Quod
228 2636 337 2687 Cilicum
348 2636 430 2697 flores,
441 2637 508 2700 quod
518 2653 621 2686 munera
630 2639 750 2704 graminis
761 2639 827 2703 Indi,

149 2717 269 2782 Quodque
280 2717 389 2778 Arabes,
401 2717 537 2781 Phariique
548 2717 732 2783 Palaestinique
742 2719 850 2784 liquores

150 2799 274 2849 Arsuram
284 2798 367 2848 latera
379 2799 493 2848 comam?
519 2798 596 2864 Cupit
606 2802 690 2849 omnia
699 2801 765 2850 ferre
