2320 3590
386 384 592 464 meminus·
796 439 838 473 111

133 508 240 575 Solaque
249 509 404 561 culminibus
415 512 487 562 lereli
497 515 610 563 carmine
622 514 688 563 bubo

133 590 212 656 Saepe
223 593 297 656 queri
305 599 332 641 et
343 592 433 657 longos
444 595 471 642 in
481 594 569 644 fletum
579 596 669 645 ducere
682 611 768 661 voces3

132 671 265 738 Multoque
275 681 409 739 praeterea
419 682 505 724 vetum
516 676 645 741 praedicte
655 677 767 742 priorum

133 753 253 804 Terribili
263 756 362 805 monitu
373 755 527 808 horrificant
561 759 629 824 Agit
640 759 694 824 ipse
701 758 826 811 furentem

133 836 163 885 Iu
174 838 269 887 somnis
283 837 352 887 ierus
364 839 478 890 Aeuees:
497 855 643 906 semperque
653 840 761 906 relinqui

135 918 193 968 Sole
204 919 263 982 sibi,
275 935 374 984 semper
384 919 484 986 longam
496 922 640 972 incomitata
650 921 750 971 videtur

133 1000 174 1049 ire
185 1002 254 1050 viem
266 1010 293 1051 et
304 1001 397 1067 Tyrios
407 1002 507 1052 deserte
517 1017 638 1068 quaerere
649 1010 726 1053 terre.

134 1081 302 1131 Eumenidum
312 1082 391 1132 veluti
401 1082 502 1132 demens
514 1083 581 1133 videt
591 1085 693 1150 agmine
703 1083 840 1145 Pentheus,

134 1162 167 1211 Et
173 1161 252 1212 solem
262 1163 391 1228 geminum
401 1170 427 1212 et
438 1162 544 1228 duplicis
552 1179 579 1213 se
588 1164 719 1215 ostendere
729 1164 844 1231 Thebes3

134 1244 189 1293 Aut
199 1244 419 1309 Agamemnonius
430 1245 525 1294 sceeuis
535 1246 646 1311 agitatus
657 1245 759 1297 Orestes

135 1324 269 1374 Armatam
279 1324 377 1374 fecibus
387 1334 493 1376 matrem
504 1333 530 1376 et
541 1326 698 1392 serpentibus
709 1329 772 1378 stris

136 1403 199 1454 Cum
209 1404 287 1471 fugit,
297 1405 450 1470 ultricesque
461 1406 547 1456 sedent
557 1408 585 1456 in
594 1408 679 1458 limine
689 1408 774 1459 Dirae.

652 1505 677 1539 v.
690 1495 806 1541 450473.

440 1593 542 1628 LXXXV.

449 1691 522 1746 Nou.

148 1802 248 1884 55>th
271 1801 321 1852 ΟΧ
342 1809 405 1865 eret,
427 1809 453 1851 et
473 1802 597 1867 placidum
619 1804 755 1868 carpebant
776 1807 842 1856 sessa

165 1873 188 1932 ’ἶ
202 1900 218 1953 3
243 1939 246 1944 ‚
336 1899 449 1949 soporem

154 1961 169 2016 Ϊῖ·
202 1953 262 2014 Ν,
287 1961 400 2029 Corpore
416 1980 461 2030 per
477 1974 566 2027 terres,
583 1965 709 2031 silvaeque
725 1976 751 2017 et
771 1983 844 2018 seete

236 2047 353 2110 quierunt

141 2129 268 2191 Aequore,
279 2141 337 2176 cum
349 2127 431 2177 medio
442 2127 575 2177 volvuntur
586 2128 668 2178 sidere
678 2130 759 2195 lepsu,

140 2206 203 2257 Cum
213 2216 281 2257 tecet
291 2209 372 2257 omnis
382 2223 452 2273 eger,
463 2208 569 2272 pecudes
579 2210 710 2274 pictaeque
723 2211 843 2275 volucres,

140 2288 259 2354 Quaeque
268 2289 339 2339 lucus
349 2289 400 2338 lete
410 2287 526 2352 liquidos,
537 2305 651 2354 quaeque
662 2307 752 2356 aspere
761 2292 844 2342 dumis

140 2370 208 2420 Rure
219 2379 314 2431 tenent,
329 2386 414 2420 somno
423 2371 519 2435 positee
530 2369 576 2419 sub
586 2380 657 2420 nocte
669 2371 752 2421 silenti

139 2451 262 2501 Ieuibent
272 2468 356 2514 cures,
367 2459 393 2500 et
402 2450 478 2501 corde
488 2450 566 2500 oblite
575 2451 697 2501 laborum.

141 2534 178 2581 At
187 2549 237 2583 non
247 2533 336 2582 infelix
346 2533 423 2581 enimi
432 2531 578 2595 Phoenissa,
588 2549 634 2582 uec
645 2549 764 2598 umquem

143 2614 249 2665 Solvitur
261 2618 288 2665 in
298 2630 407 2672 somnos,
419 2612 527 2663 oculisve
537 2621 582 2662 eut
592 2621 691 2678 pectore
701 2622 798 2665 noctem

144 2698 258 2762 Accipite
277 2695 434 2761 ingeminent
443 2710 528 2756 curae,
539 2710 677 2759 rursusque
688 2710 821 2762 resurgens

144 2777 224 2828 Saevit
235 2793 315 2840 emor,
327 2791 465 2842 magnoque
476 2776 570 2825 irarum
580 2775 685 2825 fluctuet
694 2783 770 2827 cestu

655 2872 682 2908 v.
695 2861 811 2908 ess-5³2.
