2320 3590
373 428 591 479 <insereres
800 450 844 497 1¹5

134 527 173 579 Ut
183 530 294 595 primum
304 532 378 581 iuxta
389 534 461 582 stetit
471 533 639 599 adgnovitque
649 548 695 597 per
706 532 808 582 umbras

134 610 283 670 Obscuram,
295 614 396 677 qualem
408 616 488 680 primo
499 616 543 679 qui
552 629 655 680 surgere
666 629 754 664 mense
765 606 768 611 ⁴

134 692 190 741 Aut
201 693 279 757 ridet,
288 702 333 744 aut
343 694 434 745 vidisse
442 704 515 761 putat
526 712 572 761 per
583 696 670 745 nubila
679 695 787 758 Lunam,

133 774 243 824 Demisit
253 775 379 839 lacrimas,
391 776 508 842 dulcique
520 778 620 827 adfatus
631 793 715 827 amore
726 786 778 829 est:

133 854 227 904 Infelix
238 856 314 917 Dido,
321 874 396 907 verus
407 858 468 907 mihi
479 860 583 907 nuntius
593 874 655 923 ergo

133 935 248 986 Venerat
258 938 417 996 exstinctam,
429 940 546 1004 ferroque
557 946 672 988 extrema
682 940 811 988 mutam?

133 1016 241 1067 Funeris
254 1019 304 1067 beu
313 1020 360 1069 tibi
370 1035 461 1070 caussa
470 1020 529 1069 lui?
554 1020 604 1070 Per
613 1020 696 1069 sidera
707 1022 773 1083 iuro,

133 1096 183 1147 Per
192 1115 297 1163 superos
304 1108 331 1149 et
342 1102 364 1149 si
375 1116 426 1166 qua
437 1100 499 1150 fides
510 1101 599 1150 tellure
609 1101 656 1150 sub
666 1102 717 1150 ima
727 1112 774 1164 est,

131 1168 240 1240 Invitus,
250 1181 347 1246 regina,
358 1189 402 1231 tuo
412 1181 443 1231 de
453 1181 526 1232 litore
537 1184 609 1233 cessi.

132 1258 182 1309 Sed
191 1277 232 1310 me
245 1263 314 1311 iussa
324 1263 408 1323 deum,
418 1278 483 1327 quae
491 1279 557 1312 nunc
564 1264 610 1312 has
622 1264 658 1312 ire
670 1279 714 1328 per
725 1267 834 1319 umbras,

131 1341 180 1392 Per
192 1343 248 1393 looa
258 1353 330 1393 senta
341 1346 391 1394 situ
403 1352 497 1411 cogunt
506 1354 655 1408 noctemque
665 1344 823 1409 profundam,

131 1422 240 1488 Inperiis
250 1441 325 1491 egere
335 1427 402 1490 suis3
419 1441 465 1475 nec
476 1426 577 1475 credere
587 1426 657 1491 quivi

131 1505 206 1556 Hunc
217 1514 316 1556 tantum
326 1508 373 1556 tibi
383 1523 425 1555 me
435 1507 545 1557 discessu
555 1507 622 1556 ferre
633 1507 752 1557 dolorem.

131 1584 197 1635 Siste
206 1588 324 1652 gradum
336 1596 411 1652 teque
422 1595 523 1653 aspectu
534 1604 566 1637 ne
577 1588 696 1638 subtrahe
707 1595 801 1637 nostro.

131 1666 210 1727 Quem
220 1668 310 1735 fugis?
324 1678 465 1720 extremum
475 1670 609 1733 fato,quod
618 1670 778 1734 teadloquor‚
787 1667 834 1716 hoo

225 1757 272 1800 est.

130 1828 232 1880 Talibus
243 1831 345 1881 Aeneas
356 1832 485 1882 ardentem
496 1840 523 1882 et
533 1841 603 1882 torva
613 1841 723 1881 tuentem

130 1908 235 1961 Ienibat
245 1912 319 1961 dictis
330 1914 450 1973 animum,
462 1912 626 1977 lacrimasque
637 1912 725 1964 ciebat.

130 1990 173 2042 Illa
184 1993 237 2043 solo
247 1994 313 2043 fixos
322 1995 407 2043 oculos
417 2010 507 2044 aversa
516 1994 625 2057 tenebat,

131 2072 181 2123 Nec
190 2077 272 2140 magis
283 2077 383 2141 incepto
392 2076 488 2126 voltum
498 2092 611 2125 sermone
621 2085 744 2136 moretur,

131 2153 209 2213 Quam
219 2158 241 2205 si
251 2156 316 2206 dura
326 2158 391 2206 silex
402 2165 447 2207 aut
458 2164 507 2206 stet
519 2157 646 2222 Marpesia
657 2166 748 2207 cautes.

131 2227 239 2285 Tandem
249 2238 372 2302 corripuit
381 2253 444 2294 sese,
456 2245 531 2302 atque
541 2239 642 2287 inimica
651 2238 745 2303 refugit

132 2314 160 2363 ln
170 2332 255 2366 nemus
266 2318 441 2381 umbriferum,
452 2320 562 2368 coniunx
573 2319 616 2369 ubi
627 2320 749 2384 pristinus
759 2318 796 2367 illi

132 2395 268 2463 Respondet
278 2402 346 2449 curis
357 2407 497 2464 aequatque
508 2399 636 2465 Sychaeus
647 2415 762 2449 amorem.

132 2478 182 2529 Nec
192 2481 272 2530 minus
282 2482 393 2543 Aeneas,
402 2498 463 2531 casu
473 2497 605 2531 concussus
615 2482 714 2545 iniquo,-

133 2557 291 2626 Prosequitur
301 2563 411 2613 lacrimis
421 2564 504 2631 longe,
514 2571 540 2613 et
547 2565 681 2613 miseratur
691 2570 800 2611 euntem.

645 2660 669 2694 v.
682 2646 796 2693 tto-476.
