2360 3598
439 431 632 476 capuanus.
841 438 872 492 ⁶3

167 523 243 574 Certe
254 541 302 591 ego
310 534 335 573 te
347 525 374 574 in
385 525 468 574 medie
478 534 617 574 versantem
629 526 728 574 turbine
738 525 783 575 leti

167 602 265 669 Eripui,
276 615 303 654 et
314 607 399 670 potius
409 621 557 671 germanum
568 607 684 655 amittere
694 608 769 672 caepi,

168 686 252 746 Quem
264 687 311 737 tibi
322 687 405 737 salluui
417 704 532 752 supremo
543 690 569 737 in
580 697 690 753 tempore
701 689 818 738 deessem.

168 767 220 817 Pro
232 784 284 832 que
295 769 454 818 dilaceranda
462 770 523 818 feris
534 769 612 818 deber
622 770 772 835 alitibusque

167 849 276 906 Praeda,
287 865 370 913 neque
380 851 473 898 inias-ta
484 850 626 917 tpmulaber
637 859 736 900 mortua
746 859 822 902 terre.

201 931 334 991 Quaenam
346 938 370 980 te
379 932 467 996 genuit
477 931 529 980 sela
540 931 587 981 sub
598 949 660 997 rupe
670 933 765 990 leaena,

169 1013 243 1074 Quod
254 1028 324 1061 mare
335 1020 482 1076 conceptum
493 1014 665 1077 spumantibus
677 1015 764 1078 expuit
775 1014 856 1075 undis,

169 1093 241 1154 Quae
253 1092 347 1158 syrtis,
354 1109 419 1159 quae
430 1092 516 1159 Scylla
526 1109 686 1160 rapax‚quae
698 1102 768 1144 vasta
779 1095 872 1160 Caryb·

267 1174 316 1236 dis,
672 1218 675 1226 .

168 1256 242 1305 Talia
253 1257 299 1320 qui
310 1255 394 1304 reddis
406 1271 451 1320 pro
462 1255 528 1305 dulei
539 1257 649 1321 praemia
659 1257 733 1306 vita?

167 1338 195 1387 si
207 1338 253 1407 tibi
265 1354 316 1386 non
326 1336 396 1386 eerdi
407 1337 508 1387 fuerant
517 1338 640 1386 eennubia
650 1346 746 1400 nostra,

169 1419 250 1469 Saeva
261 1420 329 1484 quod
340 1419 460 1469 horrebas
470 1421 546 1484 prisci
557 1428 691 1485 praecepta
701 1421 821 1485 parentis,

168 1502 206 1551 At
217 1502 339 1550 tamenin
351 1508 448 1549 vestras
458 1501 562 1565 potuisti
574 1501 664 1550 dueere
675 1500 754 1561 sedes,

167 1581 239 1642 Quae
249 1582 296 1631 tibi
307 1581 413 1631 ineundo
424 1582 558 1631 famularer
569 1598 640 1632 serva
650 1582 743 1645 labore,

167 1662 283 1712 Candida
293 1662 449 1727 permulcens
460 1661 560 1727 liquidis
571 1664 677 1743 ves'tigia
686 1662 806 1729 lymphis,

167 1744 331 1810 Purpureave
343 1752 414 1795 tuum
426 1752 586 1794 consternens
597 1753 664 1794 veste
675 1745 766 1796 cubile.

168 1825 219 1875 Sed
229 1825 294 1890 quid
303 1841 352 1892 ego
362 1826 457 1891 ignaris
469 1826 633 1890 nequicquam
645 1842 784 1890 conquerar
796 1828 871 1883 auris

168 1908 309 1956 Externata
320 1906 396 1968 melo,
409 1922 472 1971 quae
484 1906 560 1955 nullis
570 1907 683 1956 sensibus
692 1916 780 1956 auctae

167 1989 221 2039 Nee
231 1990 321 2038 missas
333 1988 420 2037 audire
432 1996 527 2052 queunt
537 2003 582 2037 nee
593 1988 698 2038 reddere
710 1990 801 2039 netues?

167 2069 214 2119 Ille
226 2077 312 2119 autem
324 2070 402 2135 prope
413 2070 462 2117 iam
474 2069 562 2118 mediis
572 2077 687 2118 versatur
697 2070 723 2118 in
735 2070 815 2128 undis,

168 2151 222 2200 Nee
234 2152 369 2216 quisquam
380 2157 485 2215 apparet
495 2165 573 2198 vacua
584 2150 697 2199 mortalis
708 2152 735 2199 in
746 2150 809 2217 alga.

167 2231 209 2282 Sie
219 2232 295 2281 nimis
307 2230 431 2297 insultans
441 2237 554 2280 extremo
564 2238 675 2296 tempere
687 2247 760 2280 saeva

167 2313 232 2363 Fore
241 2314 319 2362 etiem
331 2313 424 2361 nostris
434 2310 524 2361 invidit
535 2312 664 2376 questibus
675 2314 750 2362 auris.

167 2393 284 2459 Iuppiter
296 2393 462 2456 omnipotens,
474 2393 571 2440 utinam
582 2408 613 2440 ne
625 2400 736 2457 tempore
746 2393 827 2458 prime

169 2474 264 2526 Gnosia
272 2474 409 2540 Cecropiae
418 2475 560 2538 tetigissent
569 2473 644 2523 litura
654 2490 760 2539 puppes,

169 2557 294 2606 Indomite
307 2572 353 2604 nee
364 2555 420 2604 dira
431 2555 513 2603 ferens
524 2554 647 2619 stipendia
659 2564 732 2606 tauro

168 2638 283 2687 Perfidus
294 2639 321 2686 in
332 2635 411 2686 Creta
421 2635 551 2700 religasset
560 2637 644 2685 navita
655 2636 748 2700 funem,

169 2718 223 2768 Nee
232 2716 313 2766 malua
322 2716 364 2765 hie
375 2714 459 2765 eelans
470 2715 537 2764 dulei
548 2715 658 2765 crudelia
668 2717 749 2767 ferma

172 2798 290 2862 Consilia,
302 2800 329 2848 in
340 2798 435 2847 nostris
446 2797 583 2861 requiesset
594 2797 693 2847 sedibus
704 2799 805 2864 hospes!

468 2890 541 2927 LXIV.
554 2880 635 2940 ‹te-75,
648 2884 745 2943 ets-115,
759 2885 871 2931 lue-176.
