2310 3592
401 389 559 437 OVIDIUs.
793 409 841 457 223

130 485 294 536 Exhalantur
305 484 393 549 humo,
405 486 545 552 dubiaeque
555 486 703 552 erepusoula
713 487 785 539 lueis.

131 568 192 616 Non
202 567 265 633 vigil
276 567 329 616 ales
340 567 376 616 ibi
387 568 485 618 cristati
494 568 609 619 euntibus
622 568 673 618 oris

131 649 229 699 Evocat
241 647 429 708 Auroram,neo
440 665 499 700 voce
511 650 610 700 silentia
621 658 742 716 rumpunt

132 729 270 779 sollicitive
282 745 358 779 oanes
368 731 502 780 canibusve
514 732 627 796 sagacior
639 747 721 781 anser.

131 811 191 859 Non
202 809 266 873 fera,
278 827 329 860 non
339 811 454 876 pecudes,
465 828 515 860 non
526 813 587 863 moti
597 811 698 862 flamine
710 813 782 872 rami,

132 892 297 942 Humanaeve
309 908 397 942 sonum
409 894 518 942 reddunt
527 893 641 943 convicia
649 893 759 960 linguae.
834 912 837 919 ’

133 972 207 1022 Muta
219 975 291 1038 quies
302 973 408 1025 habitat.
444 973 512 1023 Saxo
524 982 607 1023 tamen
618 975 671 1023 exit
682 975 714 1024 ab
726 976 775 1024 imo

132 1053 212 1104 Rivus
219 1070 300 1119 aquae
309 1055 410 1116 Lethes,
415 1071 460 1121 per
467 1071 541 1120 quem
547 1071 604 1105 eum
612 1070 739 1105 murmure
745 1055 841 1119 labens,

132 1122 230 1184 Invitat
241 1151 341 1186 somnos
351 1137 532 1201 crepitantibus
544 1135 611 1184 unda
622 1135 720 1201 lapillis.

133 1217 203 1266 Ante
212 1216 280 1266 fores
292 1217 359 1266 antri
370 1217 476 1266 fecunda
483 1233 608 1282 papavera
619 1216 710 1267 florent

134 1298 332 1362 Innumeraeque
343 1298 445 1362 herbae,
456 1314 562 1364 quarum
574 1298 605 1348 de
615 1298 680 1348 laete
692 1313 806 1363 soporem

133 1378 190 1427 Nox
201 1379 272 1445 legit,
282 1387 308 1429 et
318 1381 414 1445 spargit
424 1395 469 1445 per
480 1396 570 1445 opacas
580 1379 685 1429 humida
694 1387 782 1431 ursas.

136 1460 223 1522 lanua,
234 1476 267 1509 ne
277 1476 351 1510 verso
362 1462 482 1511 stridores
492 1461 593 1511 cardine
603 1462 701 1524 reddat,

137 1540 212 1590 Nulla
223 1542 297 1590 domo
308 1548 379 1591 tota:
396 1550 479 1591 eustos
490 1543 517 1591 in
527 1543 611 1592 limine
622 1542 713 1593 nullus.

136 1623 172 1671 At
182 1622 265 1672 medio
276 1630 405 1685 temneat,
415 1624 494 1673 ebeno
505 1623 620 1674 sublimis
632 1625 658 1673 in
668 1632 734 1687 atra,

135 1702 261 1768 Plumeus,
273 1703 394 1766 unicolor,
405 1704 474 1769 pullo
485 1705 605 1755 velamine
616 1713 712 1755 tectus:

136 1783 189 1845 Quo
199 1786 277 1835 nubat
288 1786 341 1850 ipse
352 1784 423 1834 Deus
434 1786 551 1835 membris
561 1786 681 1852 languore
691 1785 787 1837 solutis.

136 1863 208 1915 Hunc
219 1867 287 1915 circa
297 1866 391 1930 passim
402 1868 484 1915 varias
496 1867 621 1916 imitantia
632 1868 724 1917 formas

137 1947 236 1998 Somnia
247 1964 313 1997 vana
325 1949 405 1998 iaoent
416 1950 527 2007 totidem,
539 1958 601 2014 quot
611 1951 699 2000 messis
709 1950 808 2013 ariam,

138 2027 201 2078 Silva
212 2031 279 2096 gerit
289 2029 399 2092 frondes,
410 2031 501 2080 eiectas
512 2031 571 2080 litus
582 2047 678 2082 arenas.

650 2128 674 2163 v.
688 2116 805 2163 tetulo.

449 2205 543 2243 omn.

419 2285 502 2342 Liber
514 2285 562 2341 xii.

164 2649 208 2704 ⁰<ss
218 2691 252 2721 ὴ
276 2676 453 2744 caelestesque
465 2678 561 2745 plagas,
571 2679 676 2746 triplicis
686 2679 794 2730 confinia

227 2758 330 2809 mundiz

138 2834 208 2888 Unde
218 2840 287 2904 quod
297 2846 337 2890 est
348 2856 463 2906 nsquam,
474 2843 586 2907 quamvis
597 2843 741 2908 regionibus
751 2844 824 2906 absit,
