2310 3592
356 414 596 460 recusamus.
780 427 825 475 207

123 512 181 561 Non
193 511 243 561 fuit
253 511 351 559 exuviis
362 512 439 559 tantis
450 509 567 562 Cornelis
579 510 709 560 damnum:

156 592 226 652 Quin
235 598 290 640 erat
300 597 328 640 et
335 607 441 655 magnae
451 607 510 656 pars
520 593 640 641 imitanda
652 591 745 640 domus.

125 674 180 723 Nec
189 688 247 722 maa
256 678 354 723 mutata
364 680 403 721 est
412 680 497 738 aetas3
515 674 568 722 sine
579 674 682 722 crimine
693 679 747 721 tota
756 677 806 720 est:

158 756 279 804 Viximus
291 756 400 820 insignes
411 756 477 803 inter
486 761 619 818 utramque
629 755 715 803 facem.

127 838 166 887 Mi
175 844 268 889 natura
278 836 346 885 dedit
357 836 425 900 leges
435 851 451 884 a
462 836 583 901 sanguine
594 835 691 897 ductas,

159 919 199 966 Ne
209 933 308 983 possem
318 916 505 966 melior-iudicis
516 933 570 966 esse
580 926 656 966 metu.

129 999 264 1060 Quaelibet
271 1006 385 1048 austeras
395 998 426 1046 de
438 1014 478 1047 me
488 998 554 1047 ferat
564 1014 629 1047 urna
640 998 756 1048 tabellas:

161 1080 272 1145 Turpior
282 1051 367 1163 esses}
378 1095 429 1127 non
439 1081 488 1128 erit
498 1079 549 1128 ulla
559 1095 620 1128 meo.

131 1162 180 1211 Vel
191 1170 229 1223 tu,
240 1161 304 1227 quae
315 1159 413 1210 tardam
424 1162 522 1210 movisti
532 1161 591 1209 fune
601 1160 731 1225 Cybellen,

164 1242 278 1303 Claudia,
288 1243 394 1291 turritae
406 1257 464 1290 rara
474 1243 589 1291 ministra
600 1242 676 1306 deae3

133 1324 184 1373 Vel
194 1324 244 1380 cui,
254 1323 399 1372 commissos
409 1338 466 1371 cum
476 1322 558 1371 Vesta
567 1331 708 1387 reposceret
722 1324 803 1387 ignes,

165 1404 289 1453 Exhibuit
300 1404 368 1452 vivos
377 1403 495 1452 carbasus
506 1403 563 1452 alba
573 1403 648 1453 focos.

136 1487 189 1536 Nec
200 1485 317 1548 te,.dulce
328 1492 412 1550 capul,
423 1493 503 1533 mater
513 1484 651 1545 Scribonia,
661 1485 729 1533 laesi.

167 1568 199 1616 In
210 1583 250 1615 me
260 1552 385 1616 mutatum
395 1565 457 1631 quid
466 1567 514 1614 nisi
524 1565 577 1614 iaia
587 1566 648 1615 velis
658 1567 670 1613 l

137 1649 260 1699 Materuis
268 1647 358 1697 laudor
367 1647 478 1696 lacrimis
488 1646 606 1710 urbisque
617 1647 734 1710 querelis,

169 1730 280 1780 Defensa
291 1736 317 1778 et
327 1729 422 1794 gemitu
433 1729 544 1778 caesaris
555 1744 612 1777 ossa
622 1744 683 1778 mea.

138 1812 182 1862 llle
194 1828 239 1862 sua
251 1816 312 1861 nata
320 1811 422 1875 dignam
432 1810 524 1858 vixisse
535 1825 645 1859 sororem

172 1895 306 1959 Increpat3
323 1899 349 1941 et
358 1891 475 1940 lacrimas
486 1890 592 1940 vidimus
603 1892 640 1940 ire
651 1892 704 1942 deo.

141 1975 173 2025 Et
181 1976 266 2025 tamen
275 1975 371 2024 emerui
383 1988 515 2038 generosos
526 1974 602 2022 vestis
613 1974 728 2035 honores,

171 2057 224 2106 Nec
234 2055 331 2105 meede
342 2054 421 2104 sterili
432 2054 499 2104 facta
509 2056 599 2119 rapina
608 2055 689 2106 domo.

143 2137 189 2200 Τιι,
199 2137 302 2202 Lepide,
309 2143 336 2185 et
346 2143 383 2197 tu,
394 2136 491 2198 Paullo,
499 2151 580 2186 meum
592 2144 649 2203 post
659 2137 713 2186 fata
721 2136 841 2193 levamen,

174 2218 281 2269 Condita
292 2225 352 2266 sunt
363 2225 447 2266 vestro
458 2217 553 2266 lumina
565 2226 652 2267 nostra
662 2220 726 2267 sinu.
804 2226 806 2233 '

146 2299 259 2349 Vidimus
266 2306 297 2348 'et
306 2299 413 2348 fratrem
423 2298 508 2348 sellam
521 2300 660 2365 geminasse
672 2299 792 2362 curulem,

177 2380 284 2431 Consule
294 2395 345 2444 quo
355 2380 423 2428 facto
434 2387 545 2445 tempore
556 2388 629 2446 rapta
639 2396 718 2431 soror.

148 2460 217 2520 Filia,
226 2471 254 2511 tu
266 2461 393 2527 specimen
403 2477 523 2511 censurae
535 2470 594 2511 nata
604 2469 732 2528 paternae,

179 2543 228 2592 Fac
237 2552 323 2593 teneas
333 2558 421 2605 unum,
433 2558 479 2592 nos
490 2546 597 2607 imitata,
609 2547 698 2606 virum,

150 2623 182 2673 Et
192 2627 253 2674 serie
263 2624 352 2674 fulcite
362 2639 451 2689 genus.
485 2625 551 2674 Mihi
562 2626 653 2690 cymba
662 2625 756 2675 volenti

181 2703 297 2765 Solvitur,
309 2705 421 2753 aucturis
431 2712 469 2753 tot
479 2720 534 2754 mea
544 2706 597 2755 fata
606 2709 676 2758 meis.

154 2783 218 2835 Haec
227 2794 265 2835 esi
275 2786 377 2835 feminei
387 2801 483 2835 merces
493 2795 606 2837 extrema
615 2788 744 2854 triumphi,

184 2866 279 2917 Incutiat
291 2868 334 2916 ubi
345 2868 477 2916 emeritum
488 2868 567 2918 libera
576 2869 644 2919 fama
654 2886 749 2935 rogum.
