2320 3590
281 443 283 447 .
364 407 556 450 Hormus.
636 407 660 417 '⁴

188 500 236 550 Seu
247 501 307 551 deos
318 517 422 567 regesve
432 503 510 562 canit,
521 501 625 550 deorum
643 504 647 512 '
782 556 785 561 y

187 582 347 649 Sanguinem,
359 599 404 648 per
415 599 477 648 quos
487 584 598 632 cecidere
608 585 686 632 iusta,

186 664 268 715 Morte
279 666 408 724 Centauri,
420 665 509 714 cecidit
519 665 662 713 tremendae

131 734 135 743 “
249 746 366 796 Flamma
375 748 524 804 chimaerae,

186 826 242 877 Sive
252 845 315 894 quos
326 829 389 878 Elea
399 830 498 878 domum
510 829 608 878 reducit

184 909 273 959 Pslma
282 911 397 962 caelestis
407 912 549 976 pugilemve
559 926 683 975 equumve

186 991 254 1041 Dicit
264 999 291 1041 et
301 1000 402 1042 centum
413 994 510 1057 potiore
521 994 599 1058 signis

248 1074 357 1123 Munere
367 1074 452 1135 donat,

187 1155 276 1205 Flebili
286 1172 392 1221 sponsae
403 1158 548 1206 iuvenemve
557 1163 658 1220 raptum

187 1236 282 1299 Plorat,
293 1245 320 1287 et
332 1238 397 1286 vires
408 1238 570 1301 animumque
581 1252 712 1307 moresque

188 1317 285 1368 Aureus
296 1318 381 1367 educit
391 1318 418 1367 in
428 1327 497 1366 astra
507 1319 630 1383 nigroque

249 1399 349 1448 Invidet
360 1400 433 1449 Orco.

187 1481 267 1531 Multa
278 1481 414 1529 Dircaeum
425 1480 493 1529 levat
503 1495 566 1528 aura
576 1496 692 1544 cycnum,

187 1561 285 1622 Tendit,
297 1562 404 1622 Antoni,
415 1562 530 1624 quotiens
540 1562 566 1609 in
578 1561 641 1610 altos

187 1643 296 1693 Nubium
307 1650 420 1692 tractuss
438 1659 486 1708 ego
500 1644 555 1707 apis
566 1642 679 1691 Matinae
709 1684 712 1687 ,

246 1725 319 1774 More
329 1723 461 1788 modoque,

188 1805 265 1857 Grata
275 1806 401 1871 carpentis
411 1806 502 1870 thyma
512 1821 557 1870 per
567 1806 677 1855 laborem

189 1887 336 1949 Plurimum,
348 1889 415 1936 circa
424 1903 513 1935 nemus
523 1887 641 1952 uvidique

189 1970 287 2019 Tiburis
298 1971 366 2034 ripas
377 1984 482 2033 operosa
493 1984 585 2033 parvus

247 2051 368 2101 Carmina
377 2050 454 2115 fingo.

188 2132 306 2182 Concines
319 2133 414 2181 maiore
423 2139 498 2196 poeta
508 2131 603 2196 plectro

187 2213 324 2277 Caesarem,
336 2213 485 2278 quaudoque
497 2212 581 2261 trahet
592 2213 686 2261 feroces

188 2296 235 2345 Per
245 2312 343 2346 sacrum
353 2296 443 2344 clivum
456 2295 546 2342 merita
556 2295 661 2342 decorus

249 2378 351 2427 Fronde
362 2375 530 2442 Sygambros3

187 2457 240 2519 Quo
250 2458 314 2508 nihil
324 2458 405 2506 maius
417 2457 537 2505 meliusve
547 2458 622 2505 terris

188 2540 249 2591 Fata
258 2541 382 2591 donavere
392 2539 500 2603 bonique
511 2538 563 2587 divi

188 2621 237 2671 Nec
246 2622 351 2683 dabunt,
360 2621 474 2684 quamvis
484 2618 588 2667 redeant
599 2620 626 2668 in
636 2635 724 2667 aurum

246 2701 371 2767 Tempora
382 2702 498 2766 priscum.

183 2781 301 2833 concines
312 2783 440 2846 laetosque
451 2782 504 2830 dies
513 2787 540 2830 et
550 2782 621 2830 urbis

184 2862 312 2915 Publicum
324 2864 412 2913 ludum
423 2878 498 2927 super
509 2864 646 2926 impetrato

463 2959 483 2992 u
