2360 3598
293 411 306 455 8
432 402 663 445 ANTHOLOGIA
689 401 832 446 LATINA.

325 502 366 547 Tr.
384 497 480 557 Metuo,
490 503 515 545 to
525 502 600 560 atque
610 497 669 543 istos
680 497 780 559 expiare
791 501 819 544 nt
828 496 929 560 possies.

325 581 369 626 Th.
387 575 454 636 Quid
465 575 534 624 ium?

325 661 367 706 Tr.
417 656 496 720 Fuge,
507 655 616 711 obsecro,
626 660 701 715 atquo
711 653 813 702 sbsoede
824 654 856 703 sb
866 654 976 704 aedibus

290 735 360 800 Fuge
367 734 525 799 huo,fugesd
536 749 576 780 mo
587 734 699 797 propius!
717 740 870 781 teneterrsm
878 749 963 782 msnu:

290 815 333 869 Et.
343 816 412 875 heus,
422 814 480 862 iube
490 814 545 862 illos
555 813 626 891 illirp,
636 813 733 874 amabo,
743 812 881 864 absoedere.

325 898 369 944 Th.
386 893 527 942 Abscedite.

324 979 366 1024 Tr.
555 972 634 1021 Aedis
643 987 675 1020 ne
686 973 811 1037 attigistis!
834 971 939 1037 Tangite

289 1055 344 1103 Vos
354 1070 451 1119 quoque
461 1054 568 1102 terram!

324 1139 367 1183 Th.
472 1133 579 1182 Obsecro
590 1132 680 1193 hercle,
691 1133 750 1196 quin
761 1134 826 1181 intro
836 1133 900 1182 imus
910 1133 977 1181 huo?

325 1219 365 1264 Tr.
384 1214 450 1274 Quia
460 1222 554 1278 septem
564 1228 660 1262 menses
671 1221 736 1275 sunt,
747 1229 820 1278 quom
830 1214 857 1262 in
866 1214 939 1262 hesoe

416 1293 483 1342 nodis
493 1293 579 1357 pedem

290 1376 369 1423 Nemo
380 1376 444 1422 intro
454 1373 545 1430 tetulit,
557 1373 630 1422 semel
643 1381 669 1422 ut
679 1374 861 1439 emigravimns.

324 1458 369 1503 Ti.
385 1453 517 1517 Eloquere,
529 1453 589 1516 quid
600 1453 655 1501 ito?

324 1537 365 1582 Tr.
549 1532 783 1595 Circumspicedum,
793 1548 852 1581 num
864 1533 920 1596 quis
930 1538 977 1591 est,

290 1614 431 1662 Sermonem
442 1619 552 1660 nostrum
562 1612 604 1675 qui
616 1618 730 1681 aucupet,

325 1698 369 1742 Tt.
737 1691 946 1757 Tutumprobsst

325 1777 365 1823 Tr.
382 1771 547 1835 Circumspioe
558 1772 641 1821 etism.

324 1857 369 1901 Th.
575 1850 692 1900 Nemost:
710 1851 811 1915 loquere
820 1866 886 1900 nuno
896 1851 953 1899 ism.

324 1935 365 1981 Tr.
383 1930 504 1995 Coputsle
514 1930 637 1979 factumst.

324 2015 368 2059 Tt.
440 2000 454 2021 ‘
606 2010 673 2069 Quid
684 2009 775 2059 idest?
792 2026 842 2058 non
852 2010 974 2074 intellego.

324 2094 365 2140 Tr.
384 2090 477 2152 Sosius,
487 2093 596 2155 inquom,
607 2091 722 2140 factumst
731 2093 781 2139 ism
796 2092 839 2140 diu
853 2093 979 2156 antiquom

415 2178 531 2230 etvetus,

289 2249 424 2314 Coputole:
442 2250 467 2297 id
478 2255 540 2318 sqeo
550 2266 594 2298 nos
605 2266 670 2298 nuno
679 2250 771 2300 fuctum
782 2252 926 2301 invenimus.

323 2332 365 2378 Th.
385 2328 452 2388 Quid
459 2330 521 2378 istuc
528 2330 606 2378 scelus
616 2338 654 2379 est
665 2337 708 2380 sut
718 2333 774 2395 quis
784 2333 810 2381 id
819 2332 895 2381 fecit?
911 2331 977 2380 oedo.

323 2411 363 2456 Tr.
383 2407 480 2472 Hospes
489 2410 585 2458 neouvit
595 2410 717 2474 hospitem
727 2419 826 2475 captum
836 2426 910 2459 mauu
919 2430 926 2474 3

288 2486 347 2544 Iste,
358 2494 386 2535 ut
397 2503 443 2551 ego
453 2490 547 2552 opinor,
558 2491 601 2553 qui
612 2490 657 2538 hos
669 2491 714 2539 tibi
724 2491 791 2539 aedis
800 2490 916 2539 vendidit.

250 2607 256 2617 ,
323 2570 364 2615 Tu
382 2566 507 2617 Neoavit?

323 2649 363 2694 Tr.
507 2649 654 2713 Aurumque
665 2651 689 2698 ei
699 2649 789 2698 odemit
799 2650 900 2714 hospiti,

286 2723 399 2787 Eumque
409 2726 449 2775 hio
460 2727 553 2777 defodit
564 2729 686 2793 hospitem
698 2730 787 2778 ibidem
798 2730 825 2777 in
835 2729 943 2778 oedibus.

322 2807 365 2853 st.
380 2804 536 2871 Quapropter
546 2808 572 2858 id
583 2825 625 2859 vos
635 2810 727 2859 suetum
738 2809 912 2876 suspicamini?
