2320 3590
286 434 318 478 94
426 415 661 459 Aurnonoora
689 417 833 459 namur.

286 512 352 572 Duc,
362 526 418 575 age,
428 509 476 559 duc
487 510 519 559 ud
529 524 591 575 nos;
608 511 646 559 fas
657 510 694 559 illi
704 510 791 560 limina
802 511 884 560 divom
977 514 979 519 '

286 591 409 657 Tangere,
420 592 464 644 ait.
501 590 580 640 Simul
591 592 642 641 elta
652 593 722 641 iubet
732 593 857 642 discedere
867 592 918 641 late

286 675 410 731 Flumine,
422 690 473 738 qua
483 674 580 723 iuvenis
590 690 690 739 gressus
701 674 814 724 inferret.
848 673 964 722 Atilium

287 756 399 805 Curicta
411 756 438 804 in
448 756 540 804 montis
551 754 640 804 faeiem
652 756 817 804 circumstetit
827 753 895 803 undo

288 837 441 901 Accepitque
453 837 509 885 sinu
519 842 589 884 vesto
600 837 719 900 misitque
731 835 777 884 sub
789 850 894 883 emnem.

287 918 392 981 lemque
402 916 503 965 domum
513 917 608 965 mirans
619 916 753 981 genetricis
762 923 788 964 et
799 915 902 964 humida
913 929 991 978 regna

287 997 464 1063 speluncisque
474 998 543 1046 lucus
554 998 659 1059 clausos,
669 997 787 1062 lucosque
798 998 918 1055 sonantis,

286 1079 353 1140 Ibat,
364 1085 391 1127 et
399 1079 495 1143 ingenti
506 1086 575 1128 motu
587 1079 741 1143 stupefactus
752 1094 876 1143 equarum

288 1161 379 1209 Omnia
389 1160 436 1209 sub
447 1175 539 1225 magna
549 1159 660 1208 labentis
669 1159 773 1208 flumine
783 1168 853 1208 terre

289 1240 424 1306 Spectabat
434 1240 531 1290 diverso
541 1240 610 1297 loeis,
622 1241 782 1303 Phasimque,
794 1240 950 1304 Lycumque,

287 1321 321 1370 Et
330 1329 413 1386 ceput,
424 1321 491 1371 unde
502 1322 569 1372 altus
578 1324 687 1387 primum
698 1338 725 1370 ee
735 1324 846 1386 erumpit
856 1323 976 1387 Enipeus,

287 1402 362 1452 Unde
372 1411 444 1467 pater
454 1403 594 1462 Tiberinus,
604 1412 630 1453 et
640 1405 706 1453 unde
717 1405 818 1452 Aniena
828 1403 933 1461 fluento,

288 1482 447 1548 saxosusque
458 1500 549 1534 sonem
559 1486 685 1551 Hypanis,
697 1485 837 1550 Mysusque
848 1484 946 1542 Caicus,

287 1563 321 1611 Et
329 1563 429 1628 gemina
439 1567 542 1609 auratus
553 1562 653 1609 taurino
662 1578 756 1610 cornua
767 1564 837 1612 voltu

290 1641 423 1698 Eridanus,
435 1655 485 1704 quo
495 1657 546 1690 non
556 1642 620 1690 alius
630 1658 677 1707 per
686 1645 792 1708 pinguia
802 1645 871 1694 cultu

288 1723 318 1771 In
330 1737 400 1770 mare
411 1737 563 1787 purpureum
575 1723 705 1773 violentior
715 1725 794 1775 effluit
805 1729 895 1776 amnis.

803 1824 827 1856 v.
839 1811 957 1858 348·³73.

579 1918 695 1953 Lxxvlu.

515 2006 651 2077 Eurydice
662 2010 766 2060 amicta.

289 2102 541 2348 &mimi
556 2121 643 2187 pedem
659 2122 769 2170 referens
786 2138 860 2172 casus
878 2132 992 2173 evaserat

476 2220 565 2261 omnis,

427 2283 585 2349 Redditeque
591 2284 718 2349 Eurydice
725 2300 829 2350 superus
837 2288 953 2336 veniebat
963 2287 994 2336 ad

385 2382 467 2424 aures,

287 2446 356 2495 Pone
371 2463 627 2513 sequens,-namque
642 2447 707 2496 hene
723 2447 826 2496 dederat
842 2449 994 2515 Proserpina

385 2528 499 2594 legem-

287 2609 351 2658 Cum
363 2609 445 2658 subita
456 2610 584 2657 incautum
595 2608 719 2658 dementit
730 2610 797 2674 cepit
808 2618 944 2673 ementem,

288 2688 442 2754 Ignosoenda
454 2689 562 2754 quidem,
575 2690 668 2739 scirent
679 2690 701 2739 si
711 2691 842 2756 ignoscere
853 2691 944 2741 Manes
954 2713 960 2742 ι

290 2770 401 2830 Restitit,
412 2770 605 2836 Eurydicenque
614 2786 692 2829 suem,
704 2771 755 2819 iam
766 2770 821 2819 luce
832 2772 880 2821 sub
891 2774 956 2838 ipsu,

288 2850 422 2911 Inmemor,
429 2852 493 2901 heu!
507 2853 638 2917 victusque
645 2852 721 2901 animi
730 2853 848 2917 respexit.
867 2853 908 2902 Ibi
917 2855 997 2903 omnis
