2320 3590
384 401 587 444 Vacemus.
808 419 838 464 95

131 496 231 546 Effusas
242 497 325 559 labor,
338 503 415 560 atque
427 496 521 545 inmitis
531 503 608 560 rupta
618 495 722 559 tyranni

130 577 251 637 Foedera,
261 591 355 642 terque
365 577 452 642 fragor
463 579 559 642 stagnis
570 576 673 625 auditus
682 576 801 625 Auernis.

131 659 186 716 illa,
203 658 268 718 Quis
285 669 313 707 et
330 673 380 718 me,
398 659 490 722 inquit,
506 659 630 716 miseram,
642 666 668 708 et
684 667 709 707 te
725 659 839 722 perdidit,

228 740 346 804 Orphea,

132 821 194 881 Quis
204 829 291 870 tantus
302 819 395 869 furor?
415 819 455 868 En
466 821 558 869 iterum
568 821 679 870 crudelia
689 829 758 871 retro

131 901 195 951 Fata
207 909 307 963 vocant,
315 901 451 966 conditque
461 903 576 950 natantia
586 902 682 950 lumina
692 918 802 954 somnus.

131 983 236 1048 Iamque
246 984 318 1032 valer
336 983 404 1031 feror
417 984 512 1048 ingenti
523 984 676 1033 circumdata
686 991 766 1046 nocte,

130 1061 310 1124 Invalidasque
321 1062 368 1110 tibi
379 1061 492 1123 tendens,
505 1060 554 1110 beu
566 1078 616 1111 non
629 1070 681 1124 tua,
692 1062 787 1127 palmam
798 1065 804 1111 l

132 1143 215 1204 Dixit,
226 1151 252 1192 et
263 1159 297 1191 ex
308 1142 386 1191 oculis
397 1142 487 1200 subito,
498 1158 544 1191 ceu
555 1143 639 1192 fumus
651 1144 763 1193 inauras

131 1224 292 1274 Gummixtus
303 1226 394 1286 tenuis,
405 1224 472 1289 fugit
483 1224 590 1285 diversa,
601 1240 682 1288 neque
693 1225 773 1287 illum,

130 1305 296 1355 Prensautem
307 1307 459 1369 nequiquam
470 1306 571 1354 umbras
582 1314 607 1355 et
619 1307 699 1356 multa
710 1307 836 1357 volentem

130 1386 228 1449 Dicere,
239 1395 371 1452 praeterea
380 1386 459 1450 vidit3
476 1402 521 1435 nec
531 1388 637 1451 portitor
649 1388 707 1437 Orci

131 1467 249 1532 Amplius
262 1467 385 1516 obiectam
395 1483 484 1532 passus
495 1469 603 1517 transire
614 1469 738 1534 paludem.

132 1548 201 1608 Quid
211 1549 328 1597 laceret?
346 1565 396 1614 quo
407 1564 434 1598 se
444 1556 517 1614 rapta
527 1549 565 1598 bis
576 1551 681 1616 coniuge
693 1550 788 1600 ferret?

131 1630 188 1691 Quo
199 1630 263 1679 fletu
275 1629 368 1692 Manis,
378 1646 429 1695 qua
439 1630 550 1679 Numina
561 1647 619 1680 voce
630 1632 760 1681 moveret?

129 1714 177 1762 Illa
188 1712 294 1777 quidem
306 1711 397 1777 Stygia
407 1712 485 1761 nabat
496 1713 548 1762 iam
560 1712 654 1777 frigida
665 1713 764 1778 cymba.

130 1795 231 1859 Septem
243 1793 315 1842 illum
325 1801 390 1842 totos
402 1793 534 1858 perbibent
546 1809 579 1842 ex
589 1794 676 1842 ordine
690 1810 785 1843 menses

130 1876 202 1941 Rupe
213 1876 262 1925 sub
273 1876 342 1923 aeria
353 1874 445 1923 deserti
456 1866 488 1923 ad
500 1873 641 1939 Strymonis
654 1875 745 1923 undam

129 1958 248 2014 dimisse,
259 1965 285 2004 et
295 1956 384 2021 gelidis
396 1956 457 2005 haec
468 1955 587 2005 evolvisse
598 1955 646 2004 sub
656 1958 745 2018 antris,

131 2037 285 2087 Mulcentem
296 2037 373 2102 tigris
383 2044 410 2085 et
420 2043 539 2101 agentem
550 2038 660 2085 carmine
670 2053 791 2102 quercus3

130 2119 218 2179 Qualis
230 2117 338 2183 populea
348 2133 461 2166 maerens
473 2116 607 2181 philomela
619 2117 665 2166 sub
675 2118 764 2167 umbra

128 2201 243 2249 Amissos
255 2200 371 2263 queritur
382 2198 459 2260 fetus,
470 2213 532 2261 quos
544 2197 622 2246 durus
632 2207 717 2247 arator

129 2282 271 2331 Observans
283 2279 342 2328 nido
353 2278 471 2343 inplumis
483 2278 608 2343 detraxit3
627 2287 654 2328 at
664 2279 707 2327 illa

131 2364 186 2412 Flet
198 2370 307 2424 nocam,
319 2375 439 2425 ramoque
451 2360 540 2409 sedens
551 2360 692 2409 miserabile
703 2377 803 2414 carmen

130 2445 254 2510 Integrat,
264 2450 292 2491 et
301 2442 404 2491 maestis
414 2441 465 2490 late
475 2441 530 2490 loca
540 2441 669 2505 questibus
680 2443 764 2507 inplet.

131 2525 206 2575 Nulla
219 2524 318 2588 Venus,
328 2538 380 2572 non
390 2522 436 2570 ulli
446 2522 558 2571 animum
569 2521 661 2571 flexere
673 2521 811 2588 hymenaei.

132 2605 204 2656 Solus
217 2605 400 2673 Hyperboreas
410 2603 502 2668 glacies
513 2602 667 2668 Tanaimque
677 2603 784 2652 nivalem

128 2689 250 2755 Arvaque
261 2687 386 2752 Rhipaeis
397 2699 535 2747 numquam
545 2684 647 2732 viduata
657 2684 754 2748 pruinis

129 2770 271 2831 Lustrabat,
283 2776 384 2835 raptam
394 2765 538 2832 Eurydicen
549 2772 624 2830 atque
635 2766 712 2814 inrita
723 2765 791 2815 Ditis

129 2851 323 2918 Donaquerens3
339 2855 439 2914 spretae
445 2846 565 2897 Ciconum
577 2862 735 2911 quomunere
743 2856 835 2897 matres
