2320 3590
314 408 358 464 158
456 399 691 444 ANTHOLOGIA
716 400 860 442 LATINA.

412 495 486 544 Uxor
497 496 583 545 invicti
594 496 662 545 Iovis
672 511 726 544 esse
736 497 816 545 nescis
827 496 839 544 ?

407 577 482 627 Mitte
492 577 626 642 singultus,
638 576 701 625 bene
711 577 777 626 ferre
788 591 903 642 magnam

405 659 482 709 Disce
492 658 617 708 fortunam
628 677 634 706 :
657 666 701 707 tua
712 666 793 707 sectus
805 658 873 707 orbis

474 740 584 789 Nomina
595 740 688 788 ducet.'
922 805 936 814 ..

870 819 944 851 xxvn.

616 931 712 968 oxum.

536 1032 582 1086 Ad
594 1033 777 1086 Maecenatem.

348 1288 389 1349 25*
415 1287 453 1352 ’μὴ
520 1310 585 1360 Cum
595 1310 664 1373 flore,
676 1310 818 1368 Maecenas,
828 1325 940 1361 rosarum
950 1317 975 1357 et

409 1390 500 1441 Pressa
513 1394 564 1441 tuis
576 1392 681 1442 balanus
692 1392 790 1457 cupillis

342 1470 490 1523 Iamdudum
500 1475 568 1538 apud
576 1489 615 1523 me
626 1482 671 1524 est
705 1474 782 1539 Eripe
794 1482 820 1522 te
831 1489 922 1535 morae,

342 1554 382 1604 Ne
393 1571 490 1620 semper
501 1556 579 1604 udum
590 1556 671 1604 Tibur
681 1564 706 1605 et
718 1555 828 1605 Aefulae

371 1636 473 1685 Declive
486 1637 659 1702 contempleris
670 1652 760 1686 arvum
770 1644 796 1685 et

405 1718 525 1783 Telegoni
536 1720 596 1784 iuge
606 1716 753 1783 parricidae.

338 1800 504 1849 Fastidiosam
516 1800 600 1849 desere
611 1800 707 1865 copiam
718 1807 744 1849 et

338 1881 432 1930 Molem
442 1882 607 1946 propinquam
618 1881 726 1930 nubibus
737 1880 823 1930 arduis
833 1900 840 1945 ;

370 1963 466 2013 Omitte
477 1964 564 2011 mirari
575 1964 662 2012 beatae

403 2045 510 2092 Fumum
521 2050 547 2092 et
558 2059 618 2108 opes
629 2043 808 2108 strepitumque
820 2042 920 2091 Romae.

339 2126 490 2190 Plerumque
502 2132 590 2190 gratae
600 2124 718 2173 divitibus
730 2125 796 2173 vices

337 2206 498 2270 Mundaeque
508 2222 585 2271 parvo
597 2206 643 2255 sub
653 2205 706 2254 lare
716 2221 855 2271 pauperum

371 2287 453 2337 Cenae
465 2289 518 2336 sinc
530 2287 625 2336 aulaeis
636 2296 662 2336 et
672 2296 740 2336 ostro

403 2368 540 2419 Sollicitam
551 2368 693 2433 explicuere
705 2370 818 2419 frontem.

336 2451 391 2500 Iam
402 2451 484 2499 clerus
496 2451 621 2499 occultum
635 2449 809 2500 Andromedae
821 2458 890 2517 pater

333 2532 454 2582 Ostendit
463 2533 556 2599 ignem,
568 2534 618 2579 inm
629 2547 740 2597 procyon
751 2533 814 2583 furit

375 2613 410 2661 Et
421 2613 492 2662 stella
502 2613 588 2662 vesani
597 2612 685 2675 lconis,

408 2693 464 2743 Sole
475 2694 528 2743 dies
537 2693 660 2742 referente
672 2695 767 2759 siccos3

337 2774 392 2823 Iam
403 2782 489 2839 pastor
497 2775 599 2824 umbras
609 2789 666 2821 cum
677 2789 754 2839 grege
764 2774 882 2840 languido

334 2856 474 2919 Rivumque
485 2854 565 2905 fessus
576 2855 675 2919 quaerit
686 2864 711 2905 et
721 2855 818 2906 horridi
