2310 3592
326 407 374 441 200
476 388 711 433 Auruotoou
738 387 885 431 LATINA.

328 484 406 549 Saepe
417 483 476 533 tulit
487 483 583 534 blandis
594 491 714 550 argentea
724 482 778 533 lilia
788 481 926 548 Nymphis,

358 564 465 614 Romula
475 581 507 613 ne
518 565 607 614 faciem
618 565 728 614 laederet
738 564 811 614 hasta
822 564 889 612 Tati.

325 647 442 710 Dumque
455 647 523 695 subit
533 647 614 711 primo
624 644 750 711 Capitolia
759 645 846 694 nubila
856 645 933 704 fumo,

358 727 467 776 Rettulit
477 726 581 776 hirsutis
591 727 696 776 brachia
707 734 774 775 secta
783 725 870 790 rubis;

324 809 358 858 Et
369 824 415 858 sua
424 809 533 874 Tarpeia
542 808 654 857 residem
665 808 701 857 ita
710 806 779 856 flevit
789 806 822 855 ab
833 821 891 855 arce

357 889 481 947 Vulnera,
492 890 573 939 vicino
583 905 634 939 non
644 887 762 954 patienda
772 888 828 937 Iovi
838 908 845 937 ε

326 970 333 994 ‘
343 966 418 1031 Ignes
428 974 568 1017 castrorum
578 974 605 1015 et
615 966 703 1015 Tatiae
712 966 840 1031 praetoria
847 968 947 1015 turmae

358 1049 392 1097 Et
402 1048 510 1097 formosa
521 1048 599 1097 oculis
609 1064 680 1097 arma
691 1046 784 1097 Sabina
794 1048 865 1110 meis,

324 1130 347 1180 O
357 1131 455 1179 utinam
465 1129 498 1178 ad
508 1137 603 1178 vestros
614 1129 713 1178 sedeam
723 1131 823 1193 captiva
833 1128 949 1188 Penates,

356 1219 423 1267 Dum
434 1220 532 1284 captiva
542 1221 592 1267 mei
602 1220 729 1284 conspicer
740 1234 810 1267 arma
821 1217 887 1267 Tati

324 1301 432 1351 Romani
440 1308 545 1362 montes,
556 1309 582 1350 et
593 1301 719 1350 montibus
731 1301 817 1350 addita
828 1301 916 1360 Roma,

357 1380 392 1429 Et
402 1380 483 1428 valeat
494 1379 587 1444 probro
599 1380 680 1429 Vesta
690 1380 807 1444 pudenda
817 1396 880 1432 meo.

324 1460 372 1509 Ille
382 1476 471 1526 equus,
482 1460 523 1509 ille
533 1477 600 1510 meos
612 1462 639 1509 iu
649 1468 733 1510 castra
742 1468 846 1525 reponet
856 1476 961 1522 amores,

356 1541 405 1592 oui
414 1540 504 1590 Tatius
515 1541 618 1590 dextras
629 1540 734 1591 collocat
744 1542 797 1606 ipse
807 1541 887 1591 iubas.

325 1622 394 1683 Quid
404 1625 495 1672 mirum
505 1623 532 1671 in
542 1624 638 1688 patrios
651 1622 760 1687 Scyllam
771 1624 878 1672 saevisse
887 1623 984 1689 capillos

356 1703 517 1768 Candidaque
528 1704 554 1752 in
566 1719 651 1752 saevos
663 1703 767 1769 inguina
777 1718 850 1752 versa
860 1704 953 1753 canes?

324 1784 428 1834 Prodita
438 1785 499 1849 quid
509 1785 600 1833 mirum
611 1784 717 1833 fraterni
727 1800 821 1833 cornua
831 1785 944 1847 monstri,

357 1864 421 1914 Cum
432 1866 514 1930 patuit
524 1865 588 1914 lecto
598 1866 705 1916 stamine
716 1872 783 1915 torta
793 1865 855 1914 via?

324 1945 452 2005 Quantum
462 1962 510 2012 ego
521 1962 576 1995 sum
586 1944 707 1996 Ausoniis
716 1948 811 1995 crimen
821 1946 919 1996 iactura
927 1943 1016 2013 puelli&

355 2028 474 2092 Improba
484 2029 599 2094 virgineo
608 2028 674 2078 lecta
684 2030 799 2079 ministra
808 2030 863 2080 foco
873 2031 878 2077 !

323 2106 440 2158 Pallados
452 2111 576 2159 extinctos
586 2110 609 2158 si
620 2110 677 2173 quis
687 2111 821 2159 mirabitur
830 2111 910 2175 ignes,

355 2190 490 2256 Ignoscat:
509 2190 619 2239 lacrimis
631 2193 760 2256 spargitur
770 2207 816 2240 ara
824 2193 895 2241 meis,

323 2270 395 2333 Cras,
406 2280 436 2320 ut
447 2288 532 2321 rumor
542 2273 587 2334 eit,
598 2279 652 2321 totu
663 2272 815 2337 pugnabitur
825 2271 903 2322 urbe:

354 2347 395 2397 Tu
404 2365 465 2414 cape
476 2350 569 2415 spinosi
579 2349 663 2398 rorida
673 2356 745 2413 terga
755 2350 817 2413 iugi·

322 2429 431 2478 Lubrica
442 2438 495 2478 tota
505 2431 545 2478 via
556 2439 594 2478 est
604 2437 630 2478 et
640 2428 751 2494 perfida3
769 2431 861 2493 quippe
872 2435 979 2479 tuocum

354 2510 448 2559 Fallaci
459 2510 524 2561 relat
535 2510 615 2559 limite
626 2524 724 2574 semper
734 2525 822 2574 aquas.

320 2592 343 2641 Ο
353 2593 450 2642 utinam
461 2593 573 2658 magicae
584 2606 682 2640 nossem
692 2592 835 2640 cantamina
844 2591 946 2641 Musae!

353 2674 423 2722 Haec
434 2689 533 2738 quoque
543 2673 652 2722 formoso
663 2672 750 2737 lingua
760 2671 860 2721 tulisset
870 2689 947 2738 opem.

321 2753 358 2804 Te
369 2761 429 2818 toga
438 2755 506 2819 pieta
516 2753 596 2815 decet,
607 2768 657 2802 uon
668 2768 743 2816 quem
752 2754 806 2801 sine
816 2755 905 2803 matris
914 2754 1003 2802 honore

352 2833 377 2882 N
378 2835 440 2883 uuit
447 2835 597 2884 inhumanae
608 2833 671 2883 dura
681 2833 775 2899 papilla
784 2833 867 2899 lupae.
