2310 3592
319 406 364 449 186
461 402 694 447 ANPHOLOGIA
721 405 872 448 LATJNA.

608 652 732 688 CXXXVII.

621 768 718 839 Hylas.

314 1104 348 1190 hit
357 1142 406 1189 iam
418 1140 559 1205 praeteritis
570 1139 693 1187 labentem
705 1139 903 1190 Athamantidos
914 1141 985 1190 undis

345 1222 478 1287 Mysorum
490 1219 597 1285 scopulis
605 1219 753 1284 adplicuisse
764 1228 852 1270 ratem.

313 1304 363 1353 Hic
373 1319 461 1352 manus
472 1302 586 1362 heroum,
597 1301 700 1366 placidis
710 1310 739 1350 ut
749 1304 861 1352 constitit
869 1305 928 1361 oris,

345 1383 434 1433 Mollia
444 1384 580 1448 composita
590 1382 664 1431 litora
675 1383 762 1431 fronde
773 1385 844 1449 tegit.

313 1466 352 1515 At
361 1481 443 1515 comes
454 1464 539 1513 invicti
549 1464 643 1512 iuvenis
654 1474 809 1529 processerat
820 1465 889 1515 ultra

346 1548 441 1597 Raram
451 1545 553 1611 sepositi
564 1560 684 1609 quaerere
695 1545 772 1594 fontis
782 1562 883 1610 aquam.

312 1629 386 1678 Hune
397 1628 447 1677 duo
457 1627 544 1676 sectati
554 1626 652 1683 fratres,
661 1625 798 1692 Aquilonia
810 1628 901 1692 proles,

344 1711 419 1759 Hunc
430 1724 503 1773 super
513 1715 538 1757 et
551 1707 631 1764 Zetes,
644 1707 710 1756 huuc
721 1724 796 1774 super
806 1716 832 1757 et
842 1709 934 1772 Calais,

312 1791 403 1842 Oscula
414 1790 538 1855 suspensis
549 1788 676 1838 instabant
685 1804 788 1854 carpere
798 1791 897 1855 palmis,

346 1872 437 1922 Oscula
447 1880 473 1920 et
483 1870 581 1919 alterna
592 1870 658 1918 ferre
669 1870 758 1933 supina
767 1870 835 1936 iuga.

313 1955 360 2005 Ille
370 1954 416 2004 sub
427 1960 540 2002 extrema
551 1950 661 2015 pendens
673 1951 808 2001 secluditur
819 1952 886 2016 ala,

346 2038 380 2086 Et
391 2035 502 2085 volucres
513 2049 583 2082 ramo
595 2032 724 2081 submovet
735 2032 845 2084 insidias.

313 2120 369 2168 Iam
379 2115 531 2166 Pandioniae
542 2115 616 2163 cessit
624 2128 704 2179 genus
716 2113 862 2179 Orithyiae:

345 2198 389 2248 Ah
400 2197 485 2247 dolor!
503 2195 556 2245 ibat
566 2195 658 2260 Hylas,
669 2194 722 2244 ibat
732 2195 927 2262 Hamadryasin.

314 2282 364 2331 Hic
374 2286 430 2329 erat
439 2277 568 2343 Arganthi
578 2277 646 2341 Pege
657 2276 703 2324 sub
715 2278 807 2326 vertice
818 2281 910 2328 montis

347 2361 430 2413 Grata
439 2361 527 2409 domus
540 2358 664 2424 Nymphis
673 2356 778 2408 humida
789 2358 938 2425 Thyniasin,

316 2445 398 2506 Quam
408 2458 485 2508 supra
494 2441 577 2490 nullae
588 2439 728 2505 pendebant
738 2440 823 2489 debita
833 2457 907 2491 curae

346 2524 454 2574 Roscida
463 2523 568 2571 desertis
578 2536 652 2586 poma
663 2520 709 2569 sub
720 2521 860 2580 arboribus,

312 2607 346 2656 Et
355 2606 449 2655 circum
460 2605 555 2668 irriguo
565 2603 706 2668 surgebant
711 2601 764 2651 lilia
774 2611 848 2668 prato

345 2686 467 2747 Candida,
476 2684 609 2749 purpureis
620 2685 700 2732 mixta
709 2685 883 2748 papaveribus.

315 2768 386 2829 Quae
396 2767 470 2816 modo
481 2766 615 2829 decerpens
625 2771 712 2813 tenero
722 2765 852 2829 pueriliter
863 2770 941 2835 ungui

345 2849 478 2913 Proposito
487 2846 573 2896 florem
584 2846 702 2910 praetulit
713 2847 809 2914 offici05
