2360 3598
389 408 599 453 succuritur.
808 427 837 473 37

146 501 217 562 Quod
228 502 285 551 sitis
295 508 388 565 exurat
397 503 498 552 miseros
509 509 584 568 atque
593 502 663 552 arida
673 509 762 564 torres,

145 579 199 629 Aut
211 570 275 629 uliae
286 581 358 629 cuius
369 580 517 629 desiderium
529 581 633 630 insideat
644 582 687 629 rei.

145 657 197 708 Nec
207 661 255 709 sibi
266 661 333 708 enim
343 661 474 724 quisquam
485 669 538 710 tum
548 677 575 710 se
586 662 711 724 vitamque
721 661 836 724 requirit,

145 738 208 789 Cum
218 741 314 805 puriter
323 755 393 788 mens
404 747 429 789 st
438 756 528 805 corpus
538 742 618 805 sopita
629 742 767 806 quiescunt.

146 819 212 869 Nam
222 820 281 869 licet
291 828 420 869 aeteruum
430 836 475 884 per
486 836 530 870 nos
542 823 577 870 sic
587 836 640 870 osse
651 837 772 886 soporem,

146 899 199 948 Nec
210 899 361 948 desiderium
371 902 451 949 nostri
461 916 507 949 nos
516 901 600 949 adficit
607 900 694 949 ullum.

146 979 180 1028 Iit
188 986 273 1028 tamen
283 979 476 1045 haudquaquam
487 988 584 1030 nostros
594 989 654 1031 tuuc
663 981 706 1030 illa
716 998 760 1046 per
771 990 840 1031 artus

65 1062 68 1067 ’
152 1057 238 1124 longe
250 1059 282 1108 ab
292 1059 417 1109 sensiferis
425 1061 560 1124 primordia
570 1062 678 1132 ructibus
688 1069 783 1120 errant,

146 1139 210 1188 Cum
220 1146 349 1204 correptus
359 1140 433 1189 homo
443 1153 476 1188 sx
487 1155 572 1190 somno
582 1156 608 1189 se
619 1141 715 1205 colligit
725 1142 786 1205 ipss.

147 1219 231 1269 Multo
237 1221 316 1284 igitur
322 1227 425 1269 mortem
433 1221 514 1269 minus
521 1220 553 1269 ad
560 1236 605 1269 nos
612 1236 665 1270 osse
672 1221 841 1296 putandumst,

149 1300 177 1349 Si
186 1302 269 1348 minus
278 1314 331 1348 esse
340 1306 422 1364 potest
430 1316 505 1364 quam
516 1299 583 1364 quod
593 1300 628 1348 nil
637 1315 690 1349 esse
700 1300 825 1363 videmus3

147 1380 233 1429 Maior
243 1381 311 1428 enim
321 1379 409 1428 turbas
420 1378 537 1428 disiectus
548 1380 663 1429 materici

147 1458 315 1523 Consequitur
325 1458 375 1507 leto
385 1474 430 1507 nec
441 1459 726 1525 quisquamexpergitus
737 1466 826 1516 exstat,

149 1538 256 1603 Frigida
266 1553 340 1601 quem
350 1537 426 1586 semel
436 1545 474 1586 est
484 1539 544 1587 vitai
552 1553 629 1604 pausa
639 1546 730 1588 secuta.

181 1619 297 1682 Denique
307 1619 330 1666 si
340 1633 423 1666 vorum
433 1632 516 1666 rarum
527 1624 617 1666 natura
626 1625 727 1682 repente

152 1699 240 1748 Mittat
247 1705 274 1746 et
281 1697 329 1746 huc
338 1697 413 1746 alicui
423 1703 534 1746 nostrum
545 1698 579 1746 sic
590 1699 700 1761 increpet
709 1699 764 1761 ipsu

149 1781 157 1806 ‘
167 1777 235 1838 Quid
242 1777 289 1826 tibi
295 1783 364 1826 tauto
370 1783 476 1840 operest,
482 1776 602 1838 mortalis,
608 1778 674 1841 quod
681 1777 755 1826 nimis
763 1779 843 1841 aegris

150 1856 271 1905 Luctibus
279 1855 411 1920 indulges?
427 1856 487 1919 quid
497 1864 601 1905 mortem
610 1858 770 1921 congemisco
779 1856 842 1904 fles?

151 1937 218 1987 Nam
228 1937 307 2002 gratis
317 1942 430 1985 anteacta
440 1935 489 1984 fuit
499 1936 545 1985 tibi
555 1937 741 2000 nitamurque,

152 2017 187 2066 llt
196 2032 247 2066 uon
256 2017 339 2066 omnia
349 2023 477 2084 pertusum
488 2024 605 2079 congesta
616 2017 687 2079 quasi
698 2017 724 2063 in
734 2031 777 2064 ras

152 2096 286 2147 Commoda
295 2095 434 2161 perfluxere
444 2102 519 2158 atque
529 2096 628 2159 ingrata
638 2095 768 2143 interiere:

154 2174 206 2224 Gur
216 2192 265 2225 non
276 2182 305 2225 ut
314 2174 403 2241 plenus
414 2176 479 2224 vitae
490 2175 592 2223 conviva
602 2174 696 2224 recedis

153 2257 243 2320 Aequo
253 2256 384 2319 animoque
394 2254 462 2318 capis
472 2269 591 2308 securam,
602 2253 685 2315 stulto,
696 2253 822 2316 quietem?

155 2334 199 2383 Sin
208 2350 313 2398 eaquae
323 2334 419 2383 fructus
429 2348 571 2396 cumquees
581 2334 676 2397 periere
686 2336 788 2397 profusa

153 2414 264 2479 Vitaque
274 2415 301 2462 iu
310 2413 437 2484 offsngust,
446 2429 492 2462 cur
502 2413 606 2477 amplius
617 2413 708 2462 addere
719 2412 826 2475 quaeris,

154 2494 264 2544 Rursum
269 2493 336 2557 quod
342 2501 428 2558 pereat
433 2493 496 2541 male
503 2499 529 2541 et
534 2495 658 2557 ingratum
665 2492 759 2560 occidat
765 2506 845 2553 omne,

155 2573 211 2623 lion
220 2573 303 2639 potius
312 2574 377 2622 vitae
387 2573 461 2620 finem
472 2572 533 2621 facis
543 2580 618 2636 atque
627 2571 737 2620 laboris?

156 2653 220 2701 Num
229 2652 276 2702 tibi
286 2658 414 2716 maeterea
424 2651 491 2715 quod
500 2651 626 2700 machinor
638 2652 817 2715 inveniamque,

157 2731 228 2793 Quod
237 2732 344 2796 placeat,
355 2731 390 2779 nil
400 2738 453 2780 est:
470 2730 556 2779 eadem
567 2737 624 2778 sunt
634 2731 716 2778 omniu
726 2745 828 2796 semper.

159 2810 186 2863 Si
196 2811 242 2862 tibi
251 2826 302 2861 non
312 2812 383 2860 annis
391 2826 480 2875 corpus
489 2811 538 2860 iam
549 2816 643 2899 mqroet
653 2817 678 2859 et
689 2817 758 2859 artus
