2320 3590
331 426 376 460 120
467 409 704 453 ANTHOLOGIA
730 410 877 454 LATINA.

328 504 424 554 Ultoris
436 503 520 565 Bruti,
532 503 661 569 fascesque
671 505 756 555 videre
765 504 900 570 receptos?

326 585 441 636 Consulis
453 586 578 650 inperium
589 586 631 635 hic
641 587 738 651 primus
750 602 886 651 saevasque
897 600 993 636 secures

327 667 451 731 Accipiet,
462 675 584 730 natosque
594 675 667 731 pater
676 683 741 717 nova
752 667 817 717 bella
826 668 955 723 moventis,

327 748 371 796 Ad
381 764 486 814 poenam
495 748 602 813 pulchra
613 764 659 814 pro
667 749 784 798 libertate
795 749 900 799 vocabit.

328 830 435 880 Infelix!
457 829 601 895 Utcumque
613 832 694 880 serent
704 847 735 880 ea
746 831 815 881 fucta
824 832 940 889 minores,

328 912 421 963 Vincet
431 928 502 962 amor
511 915 609 978 patriae
620 913 774 978 laudumque
785 914 898 963 inmensa
908 912 1004 978 cupido.

328 993 397 1054 Quin
407 995 499 1044 Decios
509 995 657 1059 Drusosque
669 995 755 1060 procul
767 1010 917 1059 saevumque
928 994 1006 1043 securi

327 1075 423 1139 Aspice
435 1074 593 1138 Torquatum
603 1085 629 1124 et
639 1076 788 1124 referentem
799 1076 873 1141 signa
883 1073 1019 1124 Camillum.

328 1154 391 1204 Illae
401 1164 495 1217 autem,
502 1157 607 1222 paribus
619 1171 682 1221 quas
693 1155 790 1222 fulgere
801 1156 883 1206 cernis
894 1158 921 1205 in
932 1156 1013 1216 arnus,

328 1236 468 1286 Concordes
479 1239 577 1286 animae
587 1253 653 1286 nunc
663 1246 690 1287 et
699 1237 759 1286 dum
768 1246 841 1288 nocte
851 1246 1003 1303 premuntur,

328 1317 386 1366 Heu
397 1326 518 1381 quantum
529 1321 595 1368 inter
606 1334 633 1368 se
643 1318 744 1377 bellum,
756 1321 779 1368 si
788 1319 883 1368 lumina
892 1319 958 1368 vitae

328 1399 479 1464 Attigerint,
490 1408 597 1463 quantas
608 1401 675 1450 acies
683 1408 842 1466 stragemque
852 1401 966 1450 ciebunt!

329 1480 476 1545 Aggeribus
488 1496 557 1529 socer
568 1481 670 1547 Alpinis
679 1489 755 1546 atque
766 1497 824 1531 aroc
835 1482 950 1531 Monoeci

329 1561 498 1623 Descendens,
508 1577 586 1627 gener
596 1563 708 1612 adversis
719 1565 857 1613 instructus
868 1563 935 1613 Eois.

329 1642 378 1704 Nc,
389 1644 470 1707 pueri,
480 1659 512 1692 ne
523 1651 595 1694 tanta
606 1646 695 1695 animis
705 1645 844 1695 adsuescite
854 1644 929 1706 bella,

329 1723 385 1773 Neu
396 1726 493 1788 patriae
505 1725 600 1775 validas
611 1728 638 1776 in
647 1728 744 1776 viscera
754 1728 845 1776 vertite
855 1727 932 1792 viris3

329 1804 421 1870 Tuque
432 1808 510 1870 prior,
521 1814 550 1856 tu
560 1823 644 1872 parce,
655 1823 735 1872 genus
746 1808 790 1872 qui
801 1807 872 1858 ducis
882 1809 999 1874 Olympo,

328 1886 426 1936 Proiioe
438 1887 488 1937 tela
498 1903 584 1952 manu,
595 1891 697 1955 sanguis
708 1905 779 1938 meus
786 1890 826 1937 i·-

328 1969 376 2019 Ille
387 1970 545 2035 triumphata
556 1971 683 2034 Capitolia
692 1971 724 2020 ad
736 1971 788 2020 alta
798 1969 920 2021 Corintho

328 2051 419 2102 Victor
429 2060 488 2118 aget
497 2069 609 2115 currum,
620 2054 698 2102 caesis
709 2053 814 2119 insignis
825 2053 940 2104 Achivis.

328 2133 407 2184 Eruet
417 2134 458 2183 ille
469 2134 555 2200 Argos
566 2135 827 2199 Agamemnoniasque
837 2134 968 2200 Mycenas,

327 2215 463 2280 Ipsumque
472 2215 610 2273 Aeaciden,
619 2232 699 2281 genus
710 2217 883 2281 armipotentis
893 2216 998 2279 Achilli,

327 2293 404 2344 Ultus
414 2310 474 2344 avos
484 2294 585 2358 'liciae
595 2296 688 2360 templa
698 2304 724 2346 et
732 2303 852 2345 temerata
863 2295 997 2346 Minervae.

328 2375 392 2436 Quis
403 2384 438 2438 te,
449 2393 539 2442 magne
554 2378 627 2441 Cato,
638 2379 751 2441 tacitum,
762 2385 808 2428 aut
818 2388 851 2437 te,
862 2377 949 2440 Cossa,
958 2378 1028 2427 relin-

424 2458 507 2521 quat?

328 2537 391 2598 Quis
398 2537 600 2603 Graechigenus,
607 2545 653 2587 aut
661 2538 837 2603 geminos,duo
847 2538 953 2588 fulmina
963 2538 1028 2600 belli,

329 2615 466 2684 Scipiadas,
478 2619 573 2670 cladem
588 2618 693 2685 Libyae,
704 2635 830 2684 parvoque
841 2627 968 2685 potentem

327 2700 481 2764 Fabricium,
492 2702 531 2750 vel
541 2709 567 2750 tc
579 2700 656 2763 sulco,
669 2700 785 2763 Samene,
797 2702 940 2752 serentem?

327 2781 384 2842 Quo
395 2781 488 2831 fessum
500 2783 599 2847 rapitis,
610 2782 684 2832 Fabii
695 2782 707 2831 i
724 2790 753 2832 tu
763 2782 900 2832 Maxumus
909 2781 951 2832 ille
962 2798 997 2844 es,

326 2861 400 2912 Unus
410 2864 454 2926 qui
464 2863 536 2913 nobis
548 2863 687 2914 cunctando
701 2864 813 2914 restituis
823 2880 883 2914 rem.
