2372 3596
452 398 581 443 NOTAE.
817 420 863 467 377

185 492 208 533 L.
218 497 239 534 9.
251 495 358 535 detrusti.
373 494 410 535 ie.
418 495 540 544 detrusisti,
549 503 575 538 ut
586 499 657 544 tristi.
668 509 709 549 pro
720 499 866 548 trivisticat.

159 559 214 599 lxvi.
229 564 263 607 at),
277 563 378 607 wenta,
387 572 428 612 pro
440 563 572 609 accessistis,
585 561 642 604 Aen.
656 564 671 604 i.
680 568 727 611 2⁰1,
740 569 812 613 traxe,
825 579 866 618 pro

158 626 263 672 traxisse,
277 637 300 664 v.
312 630 360 673 786,
376 628 443 673 sinet,
455 639 496 680 pro
514 629 616 676 vixisset,
628 630 662 673 xi.
678 633 722 683 118,
739 636 782 671 etc.
809 632 865 675 Vide

161 690 243 733 Munro
259 693 288 733 ad
300 691 364 734 Lucr.
375 693 390 732 i.
401 697 447 735 2³³.

445 983 553 1034 LIBER
569 983 607 1034 ΙΙ.

290 1147 456 1190 itavissrno
473 1151 578 1202 temporie
594 1150 714 1190 intervallo
736 1154 814 1202 poetae
830 1150 869 1202 qui

171 1247 183 1256 .
214 1200 239 1257 ii)
302 1217 619 1268 sequuntur‚asuperioribns
629 1216 725 1256 seiuncti
734 1222 794 1257 snut.
818 1216 870 1257 Pos-

170 1187 247 1362 &gli-,153
267 1329 274 1349 Ι
302 1286 350 1321 tero
360 1282 422 1322 enim
439 1294 501 1322 anno
512 1294 578 1334 qnam
590 1282 672 1323 Caesar
689 1283 819 1323 interiectus
835 1291 870 1323 est

178 1378 186 1382 ‚
224 1348 236 1375 ⁷1
255 1356 279 1381 κ’(
302 1348 392 1388 videtur
418 1349 490 1400 prima
512 1347 593 1398 Eulogo
618 1360 666 1389 esse
691 1348 758 1388 edita.
784 1347 868 1387 Mirum

163 1414 239 1450 antem
264 1418 377 1462 quantum
406 1412 486 1454 Latina
511 1414 585 1465 poesis
612 1413 729 1465 prooessit,
749 1414 870 1465 ntprimnm

165 1474 277 1526 Vergilius
291 1479 341 1518 eius
352 1480 415 1530 quasi
426 1480 521 1520 antistes
536 1480 661 1521 exstiterat.
685 1479 760 1519 Primo
775 1480 870 1520 enimin

164 1541 214 1593 ipsa
223 1545 325 1585 earmina
342 1546 455 1586 condenda
469 1547 540 1586 multo
556 1546 629 1585 maior
644 1557 699 1586 cura
715 1546 813 1597 impendi
826 1546 871 1586 iam

164 1614 241 1658 coepta
251 1614 293 1655 est,
303 1611 358 1651 adeo
368 1618 394 1651 ut
408 1611 497 1651 numeri
512 1612 578 1661 louge
586 1611 734 1660 elegantiores
744 1612 872 1651 evaderent.

166 1671 270 1714 Conferat
280 1676 391 1728 quispiam
402 1689 452 1717 oum
463 1677 544 1728 prioris
557 1676 608 1717 acri
617 1677 718 1717 versibus
732 1677 872 1718 hexametris

166 1738 224 1779 idem
234 1746 330 1781 metrum
345 1754 360 1782 a
372 1741 463 1782 Marone
479 1749 649 1795 pertractatum.
675 1740 754 1782 Fuerit
770 1741 872 1784 Lucretio

166 1806 254 1858 propria
265 1808 370 1847 maiestas
385 1810 537 1860 gravitasque,
546 1820 572 1849 ao
588 1810 646 1848 mira
661 1809 769 1859 quaedam
784 1810 872 1861 saepius

168 1873 203 1911 vei
218 1884 266 1913 uno
281 1874 350 1913 verbo
367 1874 502 1926 depingendi
521 1886 578 1926 quae
596 1875 653 1915 veiit
672 1874 778 1915 facultas:
802 1875 873 1916 tuerit

168 1937 254 1979 Catullo
264 1951 310 1979 τοι
327 1940 420 1989 prandit
437 1946 459 1981 et
476 1942 559 1993 plena3
573 1947 649 1980 tamen
667 1941 692 1980 in
711 1940 750 1980 illo
766 1952 871 1981 sonorum

167 2005 300 2045 varietatem
311 2005 537 2058 compositionemque
555 2006 719 2054 desideramus;
734 2006 787 2046 huie
797 2012 872 2047 autern

168 2069 282 2120 profluens
297 2071 402 2121 quiddam
420 2077 443 2111 et
460 2083 566 2112 canorum
585 2071 704 2122 aliqnando
722 2071 790 2117 deest,
804 2083 873 2122 quum

166 2147 244 2176 versus
250 2136 307 2176 sane
312 2148 353 2188 per
361 2148 386 2178 se
393 2138 529 2183 suavissimi,
535 2138 635 2178 ortiouiis
642 2137 791 2189 membrisque
799 2138 874 2177 rarius

167 2202 402 2253 intersecoiligentur.
419 2203 482 2254 Eteri
489 2211 563 2244 atatem
572 2202 791 2255 quiapudCatulium
796 2203 875 2243 inuita·

167 2269 223 2309 tiore
239 2280 307 2309 cursu
317 2268 431 2315 teruntur,
441 2277 465 2311 et
483 2271 547 2321 quasi
562 2269 715 2315 luxuriantes,
725 2269 750 2308 in
762 2269 873 2319 longiores

168 2335 269 2386 periodos
279 2341 413 2384 evagantur,
420 2336 447 2376 ed
457 2347 559 2376 normam
571 2335 704 2375 severiorem
710 2334 819 2386 paulatim
829 2335 876 2374 exi·

169 2401 286 2449 rebantur.
313 2399 383 2441 Elisio
400 2402 424 2442 in
447 2401 581 2454 pentametri
598 2401 691 2442 caesura
705 2401 766 2441 haud
782 2401 827 2441 scio
845 2413 874 2440 au

169 2478 280 2517 nusquam
290 2467 336 2507 iam
346 2468 482 2520 deprehendi
499 2468 583 2520 possit:
599 2468 624 2508 in
640 2467 740 2507 eiusdem
750 2467 795 2506 fine
809 2478 874 2507 voees

169 2533 298 2584 trnyllubae
308 2546 322 2574 a
331 2533 418 2574 Tibullo
430 2540 453 2575 et
464 2535 579 2587 Propertio
591 2532 730 2584 frequentius
746 2538 876 2583 usurpatae,

169 2611 183 2639 a
199 2599 288 2639 Nasone
306 2600 397 2640 nonnisi
413 2600 527 2641 rarissime
545 2600 676 2652 probantur.
703 2598 784 2639 Fateor
798 2605 874 2639 tamen

171 2665 227 2705 mihi
236 2665 335 2706 arridere
345 2666 468 2712 licentiam,
478 2677 545 2717 quam
555 2667 624 2706 etiam
635 2665 658 2704 in
670 2665 818 2723 limatioribus
828 2665 875 2707 suis

171 2731 306 2771 carminibus
327 2732 456 2784 Propertius
484 2733 588 2784 sumpsit,
611 2731 705 2771 disticha
725 2738 818 2782 quatuor
838 2732 876 2771 vei

170 2796 268 2846 quinque
286 2798 422 2847 syliabarum
433 2798 523 2839 vocibus
538 2796 670 2838 claudendi:
686 2797 785 2838 eiusdem
803 2797 875 2848 aruspi-

169 2862 209 2902 eiis
232 2866 371 2914 pentametro
396 2865 494 2914 gravitas
523 2864 631 2917 quaedam
655 2863 749 2914 amplior
774 2863 875 2905 aooessit.
