2304 3590
359 397 568 441 iurantem.
768 412 813 457 321

111 489 234 539 Paulatim
247 491 308 540 vitia
319 498 394 555 atque
405 506 503 539 errores
513 491 585 540 exuit
595 505 688 551 omnes,

112 572 196 621 Prima
207 571 278 621 docet
288 582 383 621 rectum
395 573 534 637 sapientia3
552 573 644 637 quippe
654 572 744 621 minuti

112 651 214 718 Semper
225 662 251 702 et
262 654 354 702 infirmi
367 663 405 702 est
415 654 491 702 animi
502 654 636 718 exiguique
648 653 761 718 voluptas

112 733 196 786 Ultio:
214 737 331 785 continuo
342 737 377 784 sic
387 734 484 800 collige,
496 735 563 799 quod
574 735 682 783 vindicta

113 817 193 866 Nemo
204 818 286 883 magis
296 817 397 882 gaudet,
408 833 483 881 quam
495 816 594 865 lamina.
628 814 681 866 Cur
691 823 775 865 tamen

210 898 256 948 hos
266 907 295 947 tu

113 980 229 1030 Evasisse
241 988 322 1045 putes,
334 995 397 1043 quos
409 979 458 1029 diri
469 981 568 1028 conscia
580 977 640 1027 lacti

114 1065 188 1115 Mens
199 1066 276 1114 habet
287 1065 406 1114 attonitos
417 1072 443 1113 et
454 1064 530 1113 surdo
540 1063 643 1112 verbere
655 1063 738 1114 caedit

115 1146 245 1198 Occultum
256 1147 385 1210 quatiente
396 1147 478 1194 animo
490 1152 585 1194 tortore
596 1144 742 1209 flagellum?

115 1227 199 1277 Poena
209 1234 294 1276 autem
304 1227 436 1275 vehemens
447 1242 477 1275 ac
487 1225 566 1274 multo
576 1227 673 1275 saevior
683 1225 741 1287 illis,

114 1309 182 1369 Quas
201 1318 227 1358 et
242 1308 372 1358 Caedicius
390 1309 475 1374 gravis
494 1308 589 1357 invenit
605 1315 631 1357 et
648 1307 804 1357 Rhadaman-

210 1390 278 1447 thus,

115 1470 193 1520 Nocte
204 1472 293 1535 dieque
304 1486 375 1520 suum
387 1478 485 1537 gestare
497 1471 523 1520 in
534 1479 633 1536 pectore
644 1478 741 1523 testem.

212 1568 226 1596 1
336 1568 349 1596 O
458 1568 472 1595 4
581 1568 594 1595 Ι
703 1569 718 1594 Ι

115 1630 167 1679 Has
176 1632 272 1696 patitur
282 1647 375 1696 poenas
386 1631 503 1696 peccandi
514 1631 566 1679 sola
576 1629 697 1680 voluntas.

115 1710 179 1759 Nam
192 1712 271 1761 scelus
283 1715 349 1761 intra
359 1728 384 1761 se
396 1712 500 1761 tacitum
512 1713 656 1777 quicogitat
666 1712 753 1770 ullum,

114 1791 184 1842 Facti
195 1794 289 1842 crimen
300 1793 384 1843 habet.
419 1791 495 1855 Cedo,
507 1794 527 1841 si
538 1801 626 1842 conata
636 1794 751 1859 peregit?

116 1870 241 1939 Perpetua
252 1876 366 1925 anxietas
376 1890 422 1923 nec
432 1889 530 1922 mensae
542 1881 654 1938 tempore
665 1882 753 1936 cessat,

116 1954 241 2005 Faucibus
253 1963 282 2005 ut
292 1954 379 2005 morbo
390 1956 461 2004 siccis
474 1955 588 2019 interque
598 1954 705 2004 molares

117 2035 217 2086 Difficili
229 2044 354 2086 crescente
364 2036 420 2085 cibo
429 2055 436 2100 3
454 2033 541 2084 Setina
551 2035 661 2085 misellus

116 2118 222 2183 Eripuit,
233 2117 328 2166 Albani
338 2118 429 2166 veteris
439 2117 549 2180 pretiosa
561 2124 674 2167 senectus

114 2198 252 2265 Displicet3
270 2198 387 2248 ostendas
397 2197 496 2256 melius,
508 2197 655 2247 densissima
666 2213 730 2263 ruga

117 2279 223 2345 Cogitur
233 2281 259 2328 in
271 2279 387 2340 frontem,
397 2278 464 2327 velut
475 2279 526 2326 acri
537 2278 612 2329 ducta
622 2278 736 2328 Falerno.

120 2362 197 2411 Nocte
209 2363 308 2411 brevem
318 2362 339 2410 si
350 2361 414 2410 forte
424 2359 527 2409 indulsit
538 2376 598 2410 cura
610 2376 733 2425 soporem,

118 2444 150 2493 Et
160 2451 215 2494 toto
225 2452 324 2491 versata
335 2451 390 2491 toro
402 2443 450 2491 iam
462 2442 574 2492 membra
583 2443 722 2505 quiescunt,

52 2542 56 2549 ’
117 2523 241 2575 Continuo
253 2524 371 2588 templum
383 2533 409 2573 et
420 2524 504 2574 violati
515 2524 624 2572 numinis
634 2539 691 2572 aras

119 2607 160 2670 Et,
171 2607 238 2672 quod
250 2607 390 2672 praecipuis
400 2614 506 2656 mentem
519 2605 649 2655 sudoribus
660 2613 741 2671 urget,

119 2688 155 2739 Te
165 2690 233 2739 videt
243 2690 269 2738 in
279 2690 384 2752 somnis3
403 2696 447 2737 tua
459 2704 530 2737 sacra
540 2695 567 2737 et
577 2688 656 2736 maior
667 2688 750 2754 imago

121 2772 237 2821 Humana
247 2771 334 2821 turbat
344 2771 460 2836 pavidum
472 2771 590 2835 cogitque
602 2770 682 2818 lateri.

122 2853 154 2903 lli
165 2861 232 2913 sunt,
244 2854 288 2919 qui
299 2853 426 2918 trepidant
436 2861 461 2902 et
472 2853 597 2903 adomnia
609 2852 708 2918 fulgura
719 2850 822 2917 pallent,

445 2949 464 2983 x
