2310 3592
373 400 420 442 1²12
427 390 614 472 ΟΡΕΕΤῘῧὲ.
655 393 659 401 ’
792 417 836 451 201

139 492 198 542 Sive
209 493 309 559 hospes,
320 495 446 559 pariamve
457 502 501 544 tua
511 473 657 561 regini'sub
668 496 735 554 aula,

171 577 225 627 Dos
236 578 284 627 tibi
293 594 342 627 non
354 577 457 628 humilis
466 580 569 645 prodita
579 580 659 629 Roma
669 581 743 629 venit
835 580 838 585 ⁴

140 656 270 721 siminus,
283 665 310 708 at
319 666 407 724 raptae
419 676 450 708 ne
460 661 510 709 sint
519 662 619 726 impune
633 660 746 720 Sabinae,

172 741 215 791 Ma
225 758 295 807 rape,
307 750 332 792 et
342 743 440 792 alterna
450 743 505 810 lege
516 745 625 809 repende
636 746 707 793 viaes.

139 821 289 873 Commissaa
300 826 366 874 acies
377 841 423 890 ego
434 841 534 889 possum
544 826 654 890 solvere3
670 831 772 891 nuptae,

170 905 226 954 Vos
237 907 345 955 medium
356 907 424 972 palla
434 900 520 956 foedus
530 909 591 956 inite
603 923 665 956 mea.

138 984 221 1048 Adde,
234 987 389 1052 Hpmenaee,
403 988 488 1037 modos
495 1007 503 1052 3
528 987 628 1037 tubicen
643 989 698 1037 fera
709 1004 837 1038 murmura

234 1068 312 1117 conde
318 1088 326 1133 3
683 1088 684 1091 ¹

170 1147 280 1212 Credite,
290 1156 375 1199 vestra
385 1165 454 1199 meus
465 1149 558 1199 molliet
569 1165 638 1199 arma
648 1157 725 1200 torus.

138 1229 171 1278 Et
181 1231 231 1278 iam
243 1237 333 1295 quarta
343 1233 411 1280 canit
422 1240 553 1280 venturam
563 1232 667 1281 buccina
677 1231 766 1294 lucem,
795 1250 796 1255 ¹

169 1311 278 1376 Ipseque
289 1313 315 1360 in
326 1313 453 1362 Oceanum
465 1313 548 1362 sidera
557 1313 629 1377 lapsa
639 1313 740 1364 eadunt.
829 1331 833 1338 ·

138 1389 261 1456 Experiar
271 1408 402 1458 somnum3
419 1393 449 1441 de
460 1401 485 1441 te
496 1392 558 1441 mihi
568 1394 663 1441 somnia
674 1409 807 1458 quaeram:

169 1472 219 1522 Fae
230 1474 315 1522 veniae
325 1474 403 1522 oeulis
415 1474 503 1523 umbra
514 1474 623 1539 benigna
633 1475 712 1524 meis.'

139 1552 218 1616 Dixit,
228 1560 254 1603 et
263 1555 358 1602 incerto
368 1556 482 1619 permisit
492 1554 594 1603 brachia
605 1570 700 1617 sumno,

169 1632 260 1682 Nescia
270 1649 316 1683 vae
326 1634 400 1683 furiis
411 1635 554 1684 accubuisse
564 1637 645 1686 novis.
655 1680 657 1684 .

140 1711 201 1762 Nam
212 1713 405 1776 Vesta311iaeae
416 1715 478 1764 felix
490 1716 569 1764 tutela
580 1716 688 1775 favillae,
826 1778 829 1779 ⁷

167 1793 273 1859 Culpam
283 1796 337 1858 alit,
348 1803 374 1844 et
384 1796 469 1860 plnres
479 1797 563 1846 cendit
575 1799 600 1846 in
611 1814 667 1847 ossa
679 1798 754 1848 faces,

138 1872 183 1924 Illa
190 1877 251 1938 ruit,
262 1877 344 1941 qualis
354 1877 459 1927 celerem
469 1894 546 1943 prope
557 1879 744 1929 Thermodonta

168 1956 308 2022 Strymonis
319 1958 429 2008 abscisso
440 1959 520 2008 fertur
531 1967 618 2025 aperta
629 1963 693 2011 sinu.

138 2034 200 2086 Urbi
210 2037 290 2087 festus
301 2046 356 2088 erat
364 2040 491 2103 3—dixere
502 2040 591 2089 Palilia
601 2050 696 2106 patres,

167 2117 215 2167 Hie
225 2121 322 2184 primns
333 2121 414 2184 coepit
424 2121 552 2170 moenibus
563 2137 617 2170 esse
629 2123 698 2186 dies,

137 2198 229 2248 Annua
238 2208 367 2265 pastorum
378 2203 499 2264 convivia,
510 2202 580 2252 lusus
591 2205 616 2251 in
627 2205 698 2267 urbe,

166 2280 229 2330 Cum
239 2297 339 2348 pagana
348 2284 449 2332 madent
460 2284 554 2332 fereula
565 2285 666 2348 divitiis,

137 2358 245 2426 Cumque
255 2379 331 2429 super
341 2381 412 2413 raros
424 2365 490 2413 foeni
500 2353 651 2415 flammantia
662 2383 762 2419 acervos

167 2441 270 2493 Traiicit
280 2445 419 2495 immundos
431 2445 501 2495 ebria
511 2447 586 2496 turba
596 2448 677 2512 pedes.

138 2519 253 2573 Romulus
263 2526 381 2575 excubias
393 2527 502 2576 decrevit
511 2526 537 2576 in
549 2529 600 2578 otia
612 2530 683 2589 solvi,

167 2603 250 2668 Atque
260 2607 404 2656 intermissa
413 2617 496 2657 castra
506 2609 578 2658 silere
590 2610 659 2661 tuba.

139 2681 188 2733 Hae
198 2685 306 2752 Tarpeia
318 2703 391 2736 suum
401 2696 498 2753 tempus
509 2697 565 2738 rata
575 2694 690 2743 convenit
700 2693 810 2762 hostem3

167 2762 241 2815 Pacta
251 2767 323 2832 ligat,
335 2770 415 2832 pactis
425 2771 480 2833 ipsa
490 2772 576 2821 futura
586 2788 676 2823 comes.
826 2778 828 2782 ’

140 2840 207 2895 Mona
216 2855 270 2898 erat
280 2865 385 2899 ascensu
396 2850 494 2914 dubius,
506 2852 618 2916 festoque
629 2857 755 2906 remissus.
