2360 3598
397 424 592 469 curatius.
815 438 844 491 ⁶5

138 521 296 571 Hurrificans
308 519 443 586 Zephyrus
454 521 576 586 proclivas
587 522 674 571 incitat
686 522 773 585 undas,

138 604 240 653 Aurora
252 604 386 653 exoriente
397 605 455 668 uagi
466 603 512 652 sub
523 604 609 651 limina
621 601 692 665 Sulis,

137 686 206 745 Quae
217 686 292 735 tarde
304 686 416 750 primum
427 685 543 734 clementi
554 684 655 734 flumine
667 687 752 750 pulsae
766 703 785 737 r-

136 765 289 821 Prucedunt,
300 765 392 813 leviter
403 773 523 812 resonant
535 763 655 831 plangore
664 765 788 828 cachinni,

136 847 195 896 Post
206 856 283 896 vento
295 853 422 895 crescente
433 847 513 910 magis
524 846 604 910 magis
614 847 805 905 increbrescunt,

136 926 320 993 Purpureusque
331 926 419 991 procul
429 935 519 975 nantes
530 926 563 975 ab
572 927 627 975 lnce
638 928 778 993 refulgent3

137 1008 177 1057 Sic
189 1018 244 1058 tum
258 1007 377 1057 vestibuli
385 1007 527 1070 linquentes
538 1009 607 1072 regia
617 1016 683 1057 tecta

137 1090 175 1171 At
184 1106 211 1139 se
222 1091 332 1154 quisque
343 1104 407 1153 vago
416 1090 508 1152 passim
520 1089 582 1153 pede
593 1088 758 1138 discedebant.

637 1186 663 1218 v.
673 1176 810 1221 tet-277.

477 1386 518 1419 ΙΝ.

437 1500 549 1553 Parcae.

139 1619 411 1866 QUEM),
433 1632 531 1680 infirmo
553 1633 693 1697 quatientes
718 1648 822 1698 corpora

358 1723 429 1763 motu

42 1824 45 1829 ‹
279 1796 412 1845 Veridicos
421 1795 516 1845 Parcae
523 1804 657 1860 coeperunt
665 1796 737 1845 edere
744 1805 838 1847 cantus.

169 1873 218 1922 His
225 1892 317 1942 corpus
328 1879 462 1926 tremulum
473 1878 637 1941 complectens
648 1879 757 1942 undique
765 1881 842 1928 vestis

138 1953 251 2006 Candida
260 1974 388 2024 purpurea
399 1960 462 2026 talqs
473 1960 611 2008 incinxerat
623 1976 676 2022 ora,

137 2036 174 2085 At
184 2054 257 2088 roseo
269 2041 356 2088 niveae
366 2041 507 2089 residebant
517 2043 611 2090 vertice
621 2043 705 2100 vittae,

136 2119 327 2186 Aeternumque
339 2138 427 2170 manus
439 2125 578 2187 carpebant
587 2124 636 2172 rite
646 2124 764 2173 laborem.

139 2199 222 2251 laeva
232 2203 316 2253 colum
329 2204 398 2253 mulli
409 2204 467 2252 lana
478 2204 602 2254 retinebat
612 2207 740 2261 amictum,

138 2282 251 2333 Dextera
262 2292 317 2334 tum
327 2286 417 2336 leviter
427 2286 551 2335 deducens
562 2285 605 2335 fils
616 2287 711 2351 supinis

137 2362 273 2413 Furinabat
284 2365 379 2430 digitis,
390 2372 444 2413 tum
455 2380 535 2429 prone
545 2366 572 2414 in
585 2365 674 2430 pollice
685 2375 803 2431 torquens

137 2443 267 2518 Librsturp
278 2447 354 2496 tereti
362 2446 479 2495 versabat
492 2447 593 2495 turbine
604 2447 697 2503 fusum,

137 2528 222 2591 Atque
235 2530 272 2578 ita
281 2528 418 2595 deperpens
430 2528 554 2593 aequabat
564 2544 662 2593 semper
672 2545 735 2593 opus
747 2529 816 2591 dens,

136 2607 269 2674 Laneaque
278 2609 386 2659 aridulis
398 2609 536 2659 haerebunt
547 2625 631 2658 morsa
641 2610 745 2672 labellis,

136 2690 207 2750 Quae
218 2693 290 2757 prius
300 2692 327 2739 in
337 2690 388 2739 levi
401 2691 501 2739 fuerant
512 2693 626 2740 extantia
637 2691 678 2740 filo
689 2712 695 2740 ι

138 2770 203 2821 Ante
213 2773 289 2838 pedes
300 2779 387 2821 autem
395 2771 525 2821 candentis
536 2772 621 2820 mollia
633 2772 705 2821 lanae

138 2850 236 2902 Vellera
247 2855 341 2919 virgati
353 2852 513 2902 custodibant
523 2852 659 2927 calsqbisci.

477 2963 494 2997 P
627 2964 653 2996 v.
666 2954 777 2998 305-319.
