2310 3592
332 439 382 493 [198
480 431 719 475 ANTleotoele
741 431 887 473 L'AuJNA.

334 527 453 576 Romanis
463 529 560 576 utinam
570 529 710 592 patuissent
721 534 804 575 caetra
814 527 920 591 puellis!

365 607 450 657 larsem
462 608 566 657 militiae
577 608 675 657 sarcina
684 607 735 656 fida
746 615 819 671 tuae3

332 689 386 738 Nec
398 704 438 738 me
449 689 578 739 tardarent
589 676 725 755 Scythiae
719 706 787 754 ruga,
798 705 856 737 eum
866 688 946 739 Pater
957 690 1015 739 altu

364 769 486 820 Africus'
479 785 505 818 ιιι
516 771 621 836 glaciem
631 770 733 836 frigore
739 773 817 819 nectit
828 786 914 834 aquae.

332 851 420 901 Omnis
432 867 502 901 amor
512 867 626 917 magnus,
638 851 682 900 sed
691 859 778 923 aperto
789 852 815 899 in
822 853 931 925 eoniuge
938 853 1031 901 maior:

365 932 440 981 Hane
444 914 546 988 Venus
558 942 586 981 ut
598 930 675 992 vivat,
686 930 811 981 ventilat
805 948 859 996 ipsa
869 925 957 984 satem.

306 1000 325 1050 7
333 1012 400 1063 Nam
410 1014 471 1063 mibi
482 1030 533 1077 quo
544 1013 634 1063 Poenis
646 1015 692 1066 tihi
703 1028 816 1079 purpura
827 1013 924 1079 fulgeat
935 994 1017 1075 ostris,

364 1094 553 1160 crystallusque
563 1111 630 1144 mean
642 1105 712 1145 ornet
724 1111 817 1160 aquosa
827 1095 938 1144 manus?

331 1178 421 1227 Omnia
433 1176 509 1225 surda
519 1184 610 1235 tacent,
617 1178 735 1241 'rarisque
745 1177 850 1225 adsueta
856 1177 969 1226 kalendis

364 1259 511 1324 Vixaperit
521 1257 619 1307 clausus
631 1274 682 1307 una
694 1257 893 1323 puellaLarea,

331 1340 464 1396 Glaum'dos
474 1347 500 1389 et
510 1340 607 1389 catulae
618 1351 668 1388 vex
679 1346 720 1388 e'st
728 1339 790 1389 mibi
800 1348 874 1406 grata
884 1338 1019 1404 querentis:

362 1420 410 1469 Illa
421 1423 564 1486 tuipartem
575 1421 684 1480 vindieat
694 1435 745 1469 una
755 1427 818 1471 toro.

328 1501 404 1552 Flora
415 1502 505 1553 sacella
514 1510 581 1568 tego,
592 1501 704 1551 verbenis
714 1502 822 1565 eempita
832 1501 896 1559 uelo,

361 1584 395 1632 Et
405 1595 490 1648 erepet
500 1584 532 1631 ad
541 1592 638 1632 veteres
648 1582 728 1631 herba
739 1580 832 1631 Sabina
842 1583 920 1631 soene,

329 1663 386 1714 Sive
396 1665 644 1730 infinitimogemuit
653 1671 723 1713 stans
732 1670 827 1714 noctua
838 1666 915 1730 tigno,
1005 1709 1007 1713 .

360 1745 410 1795 Seu
421 1746 499 1796 voluit
510 1746 580 1811 tangi
589 1760 665 1811 parea
677 1744 779 1795 lueerna
789 1762 866 1805 mern,
924 1780 926 1787 ,

327 1827 375 1876 Illa
385 1826 439 1876 dies
449 1827 536 1876 hornia
546 1826 646 1875 eaedem
658 1827 790 1876 denuntiat
801 1828 882 1893 agnis,

359 1907 532 1972 Succinctique
541 1908 623 1958 calent
631 1908 664 1957 ad
674 1924 739 1957 nava
749 1909 819 1958 luera
829 1926 915 1975 popae.
925 1927 938 1940 ·

326 1987 376 2051 Ne,'·
385 1990 598 2054 preeor‚-aseensis
607 1990 672 2038 tanti
682 1992 715 2039 sit
725 1990 805 2055 gloria
815 1990 922 2047 Bactris,

358 2070 472 2135 Raptave
481 2071 587 2120 odorato
595 2071 701 2120 carbasa
711 2071 763 2119 lina
771 2071 846 2130 dunis

325 2152 447 2201 Plumbea
457 2166 513 2201 eum
525 2160 606 2202 tortae
619 2160 773 2218 sparguntur
784 2154 1005 2219 ponderalundaq'

357 2232 481 2292 Subdolus
492 2243 517 2284 et
530 2236 606 2284 vernis
618 2236 733 2300 increpat
740 2250 814 2284 araus
822 2237 902 2300 equis.

324 2304 484 2378 Sedtuaeie
494 2316 594 2365 domitis
604 2315 716 2365 Parthae
727 2317 824 2366 telluris
836 2317 943 2367 alumnia

355 2398 425 2446 Pura
437 2398 615 2463 triumphantis
627 2399 700 2453 hasta
712 2406 832 2463 sequatur
842 2415 919 2465 equos
928 2402 934 2447 l
943 2383 953 2471 J

323 2478 472 2544 Incorrupta
483 2482 531 2528 mei
542 2495 666 2529 conserva.
671 2480 771 2530 foedera
781 2480 846 2530 laeti
892 2482 895 2487 ’

355 2562 410 2609 Hae
420 2575 467 2625 ego
478 2568 503 2608 te
513 2560 566 2609 sela
576 2559 632 2625 lege
643 2561 735 2611 redisse
746 2561 828 2611 velim.

322 2643 452 2705 Armaque
463 2656 518 2689 eum
531 2641 615 2690 tulere
624 2650 710 2708 portae
720 2644 804 2692 votiva
813 2642 936 2709 Capenae,

354 2721 523 2784 Subscribam,
534 2736 618 2773 euve
630 2737 724 2774 enm
734 2739 841 2774 ruenni
851 2739 924 2775 v1n0.

704 2809 772 2870 Ειῳ.
785 2808 818 2856 ui.
835 2812 875 2856 ne
885 2809 1001 2871 eae-72„
