2360 3598
300 364 328 407 15
441 355 672 398 ANTHOLOGIA
697 356 840 399 LATINA.

328 450 363 499 So.
381 448 448 508 Quid
458 450 535 514 igitur
545 449 635 511 obstat,
644 465 708 513 quor
718 466 767 498 non
778 450 859 499 fiant?

330 531 364 579 si.
874 531 976 580 Audies.

296 609 384 657 Ferme
394 610 420 657 in
429 609 514 657 diebus
523 611 617 673 paucis,
628 609 717 672 quibus
728 609 787 659 haec
797 617 853 659 aota
863 620 929 672 sunt,

296 688 400 753 Chrysis
410 690 490 738 vicina
500 690 560 737 haee
570 690 682 739 moritur.

328 770 364 817 So.
714 769 840 818 Ofaotum
850 770 926 819 bene:

296 849 396 897 Beastiz
412 850 437 896 ei
447 850 524 898 metui
534 865 549 897 a
559 847 691 914 Chryside.

328 930 360 978 Si.
727 929 766 979 Ibi
776 939 829 980 tum
840 931 906 979 filius

295 1008 359 1058 Cum
369 1008 427 1070 illis,
439 1010 483 1072 qni
493 1016 606 1057 amarant
616 1009 770 1072 Chrysidem,
780 1026 830 1059 una
841 1010 926 1058 adem
936 1010 984 1058 fre·

391 1104 469 1153 quens
479 1109 485 1138 =

295 1167 407 1217 Curabat
417 1184 467 1216 una
477 1168 567 1217 funus:
583 1168 662 1216 tristis
672 1169 779 1230 interim,

296 1247 493 1309 Nonnumquam
501 1246 704 1295 oonlaorumabat
721 1246 818 1296 Plaouit
824 1255 876 1297 tum
885 1248 909 1297 id
916 1249 984 1296 mihi.

296 1327 336 1375 Sic
346 1327 483 1391 eogitabam
493 1332 500 1356 ⁶
513 1326 554 1374 hio
563 1341 653 1390 parvae
663 1326 846 1375 consuetudinis

294 1405 376 1455 Causa
386 1405 459 1452 huius
469 1411 572 1452 mortem
584 1411 634 1453 tam
645 1404 694 1452 fert
703 1404 872 1455 familiariter:

295 1484 361 1545 Quid
369 1486 450 1548 siipss
458 1484 583 1533 amasset?
599 1484 659 1547 quid
665 1484 705 1532 hio
716 1485 777 1533 mihi
785 1485 859 1534 faciet
864 1488 930 1550 patri
938 1486 961 1534 i’

294 1566 363 1613 Haeo
372 1580 420 1629 ego
430 1564 546 1627 putabam
557 1579 611 1612 asse
622 1566 704 1612 omnia
713 1564 815 1613 humani
825 1567 909 1630 ingeni

294 1645 468 1706 Mansuetique
478 1645 554 1692 animi
565 1643 650 1692 officia
668 1643 734 1703 Quid
744 1644 827 1693 multis
837 1646 938 1694 moror?

294 1726 398 1789 Egomet
408 1723 505 1789 quoque
515 1725 568 1772 eius
577 1740 652 1772 causa
661 1725 687 1772 in
697 1724 771 1773 funus
782 1726 880 1789 prodeo,

295 1806 338 1854 Nil
348 1807 421 1854 etiam
433 1806 561 1870 suspicans
570 1805 636 1853 mali.

326 1886 363 1935 So.

326 1966 361 2017 st.

293 2048 417 2098 Refertur.
433 2047 508 2094 Imus.
529 2045 626 2096 Interea
636 2043 701 2091 inter
711 2043 834 2106 mulieres,

294 2128 363 2188 Quae
374 2127 408 2175 ibi
418 2127 528 2182 aderaut,
538 2125 602 2173 forte
614 2139 690 2173 unam
699 2124 790 2189 aspicio
803 2124 941 2174 adnleseen-

389 2205 474 2264 talam,

293 2287 384 2336 Forma

326 2363 362 2411 So.
426 2360 496 2409 Bona
506 2359 619 2408 fortasse.

325 2443 357 2490 Sa
643 2438 677 2488 Et
688 2438 762 2501 voltu,
775 2437 852 2498 Sosia,

293 2521 365 2570 Adeo
375 2520 494 2580 modesto,
506 2519 568 2567 adso
578 2525 689 2578 venusto,
701 2524 730 2565 ut
740 2518 776 2566 nil
786 2532 867 2581 snpra

293 2601 363 2662 Quas
374 2616 447 2665 quom
458 2600 520 2648 mihi
530 2599 659 2647 lamentari
670 2604 768 2661 praeter
777 2603 869 2646 ceteras

293 2682 388 2744 Visast,
398 2687 423 2728 at
432 2680 491 2743 qnia
501 2686 554 2728 arat
565 2678 644 2726 forma
653 2684 751 2741 praeter
760 2683 853 2726 ceteras

294 2762 404 2811 Honesta
415 2776 444 2809 ao
452 2758 557 2821 liberali,
568 2757 656 2807 aeosdo
665 2756 697 2806 ad
706 2757 857 2821 pedisequas,

651 1884 716 1932 Hem
727 1883 855 1948 quidest?

870 1962 943 2013 Scias.
