2310 3592
403 403 561 448 omma.
791 421 837 466 215

128 496 202 546 Nune
212 498 267 546 ruis
279 497 393 562 adposito
402 498 503 547 nivibus
514 497 545 546 de
557 506 640 548 monte
652 497 750 561 solutis,

159 577 193 627 Et
203 578 273 643 turpi
283 593 382 636 crassas
393 579 495 646 gurgite
505 578 583 628 volvis
594 594 683 643 aquas.

129 658 196 719 Quid
206 675 357 725 properasse
368 661 448 722 iuvat,
460 659 521 724 quid
530 675 606 725 porea
617 660 714 710 dedisse
725 662 804 725 quieti

160 739 297 806 Tempora,
308 741 373 805 qnid,
380 741 448 791 noeti
458 743 613 807 conseruisse
623 742 697 805 diem,

129 819 156 869 Si
167 828 252 871 tamen
261 822 304 872 hie
315 821 433 871 standum
441 829 489 885 est,
498 823 520 871 si
531 838 580 871 non
591 822 666 873 datur
673 824 770 873 artibus
777 823 836 873 ullis

160 901 274 953 Ulterior
283 911 369 953 nostro
380 905 436 969 ripa
446 903 581 968 premenda
592 904 650 968 pedi
659 904 670 952 i

131 981 205 1032 Nune
215 999 263 1048 ego
273 999 336 1048 quas
347 984 435 1034 habuit
446 986 536 1050 pinnas
548 984 676 1034 Danaeius
687 985 771 1046 heroa,

160 1063 280 1114 Terribili
291 1065 395 1115 densum
405 1081 462 1114 eum
473 1066 532 1116 tulit
543 1082 625 1132 angue
635 1075 721 1131 eaput,

129 1144 202 1195 Nune
213 1154 273 1211 opto
283 1162 394 1208 currum,
405 1147 436 1196 de
447 1163 498 1212 quo
510 1147 618 1197 Cerialia
629 1149 737 1213 primum

161 1226 262 1278 Semina
271 1237 395 1278 venerunt
406 1230 432 1277 in
443 1229 506 1279 rude
517 1230 595 1279 missa
605 1230 692 1280 solum.

130 1308 276 1375 Prodigiosa
286 1308 374 1374 loquor
385 1318 499 1360 veterum
508 1311 638 1360 mendacia
648 1307 756 1384 vatum]

161 1388 214 1438 Nee
223 1389 284 1440 tulit
293 1390 356 1441 haee
365 1407 493 1457 umquam,
504 1408 550 1441 nee
560 1392 625 1441 feret
637 1392 688 1441 ulla
698 1392 758 1442 dies.

130 1469 170 1519 'l'u
178 1473 271 1537 potius,
281 1474 345 1538 ripis
354 1473 432 1533 effuse
443 1475 575 1539 capacibus
587 1477 697 1533 amnis?

162 1552 202 1604 Sic
213 1562 330 1605 aeternus
340 1556 498 1606 eas-labere
508 1558 558 1606 fine
569 1559 628 1606 tuo!

131 1632 186 1683 Non
194 1636 244 1685 eris
255 1637 375 1698 invidiae,
384 1644 491 1697 torrens,
502 1637 565 1686 mihi
576 1637 659 1699 erede,
669 1637 794 1700 ferendae,

162 1713 188 1764 Si
197 1716 268 1765 diear
278 1732 323 1781 per
334 1723 359 1766 te
369 1717 434 1766 forte
445 1724 558 1768 retentus
569 1733 663 1767 amans.

129 1795 243 1846 Flumina
253 1797 372 1846 deberent
381 1798 482 1849 iuvenes
493 1799 519 1847 in
530 1814 614 1849 amore
624 1800 725 1849 iuvare:

160 1877 276 1926 Flumina
288 1886 419 1927 senserunt
431 1880 495 1944 ipsa,
507 1880 568 1943 qnid
577 1889 644 1930 esset
656 1896 733 1932 amor.

130 1959 235 2009 luaehus
246 1962 274 2008 iu
285 1959 364 2023 Melie
373 1961 513 2027 Bithynide
523 1961 632 2026 pallidus
642 1962 691 2012 isse

160 2042 260 2091 Dicitur
269 2049 295 2091 et
306 2042 395 2107 gelidis
407 2043 539 2105 incaluisse
549 2044 626 2093 vadis.

130 2120 227 2171 Cornua
238 2124 260 2172 si
272 2129 317 2172 tna
327 2139 394 2172 nune
405 2123 449 2172 ubi
460 2125 518 2186 sint,
529 2125 652 2188 Acheloi,
663 2127 799 2189 requiram,

160 2203 276 2254 Heronlis
288 2204 354 2255 irata
364 2205 445 2254 fracta
456 2222 561 2276 querere
572 2223 656 2257 mauu.

131 2282 181 2334 Nee
191 2287 255 2336 tanti
266 2285 391 2351 Calydon,
401 2302 448 2336 nec
458 2293 512 2336 tota
523 2288 624 2337 Aetolia
634 2289 699 2338 tanti

160 2366 217 2416 Una
228 2375 313 2417 tamen
323 2368 388 2416 tanti
398 2368 520 2418 Deianira
530 2368 586 2418 fuit.

131 2447 175 2499 Ille
182 2449 261 2499 fluens
273 2449 342 2499 dives
354 2456 456 2515 septena
467 2466 512 2515 per
522 2453 587 2501 ostia
599 2451 681 2514 Nilus,

162 2529 210 2590 Qui
219 2532 328 2596 patriam
339 2538 425 2581 tantae
435 2539 487 2581 tam
498 2532 560 2581 bene
570 2532 635 2582 oelat
644 2548 734 2597 aquae,

133 2609 217 2660 Fertur
225 2613 252 2660 in
263 2612 370 2662 Euadne
382 2611 510 2661 eolleetam
522 2612 630 2677 Asopide
640 2613 766 2663 flammam

162 2691 266 2743 Vinoere
276 2693 422 2759 gurgitibus
433 2709 483 2742 non
493 2695 603 2759 potuisse
615 2695 712 2745 auia.-

133 2769 166 2819 'l'e
175 2788 272 2837 quoqne
281 2774 401 2823 credibile
411 2783 450 2824 est
460 2768 545 2839 aliqua
556 2774 661 2825 caluisse
671 2776 754 2841 puella
764 2798 770 2826 ε

163 2851 208 2903 Sed
216 2870 318 2906 nemora
329 2864 355 2905 et
367 2855 442 2905 silvae
452 2857 556 2905 erimina
567 2863 652 2906 vestra
662 2864 757 2922 tegunt.
