2304 3590
299 380 347 436 356
585 374 714 418 NOTAE.

299 481 379 522 nepae
392 472 481 512 eourlrl
502 470 592 512 N'eet·il
599 473 663 524 point
670 474 705 513 lul
723 472 934 524 N'eet·ilpointieil
956 472 1001 521 Qui

297 539 378 578 eeocel
403 536 491 580 Arrete.
517 536 546 585 (A
558 540 680 587 lui-meme,
689 552 712 581 ee
726 547 824 593 prenant
836 553 879 592 par
891 543 913 582 le
931 542 1001 588 bnon.)

298 604 672 660 Rendemoimonergent,ooquinl
683 607 728 648 Ah!
743 609 859 649 o’eetmoil
872 608 926 649 Mon
932 610 1002 660 ueprit

296 676 330 711 eet
340 673 434 718 trouble,
443 680 466 713 et
475 674 571 724 j’ignore
578 676 605 714 οὺ
616 675 641 724 je
649 675 752 727 euinque
759 675 783 725 je
794 675 850 723 υιιίι,
859 681 882 716 et
892 687 918 716 ee
926 688 969 727 que
975 675 1000 726 je

297 737 346 778 lein,
372 736 456 779 Helen!
476 752 529 780 mon
541 752 627 791 peurre
641 747 728 791 argent,
743 753 795 781 mon
810 753 895 794 penvre
911 749 1000 792 argent,

297 815 351 843 mon
360 805 413 844 cher
423 805 476 852 erni,
487 817 516 846 on
528 807 574 846 m’a
586 807 650 859 prlve
662 808 689 847 de
699 807 742 846 toll
765 806 794 846 Et
802 807 897 859 puieque
906 812 934 847 tu
942 810 999 848 m’ee

297 870 384 916 enleve,
390 866 432 920 j’oi
442 871 514 922 perdu
522 883 575 912 mon
586 878 686 924 support,
695 885 733 913 rna
739 874 885 921 consolation,
894 885 932 912 ma
938 874 998 923 joie:

296 941 345 976 tout
354 942 388 976 eet
397 937 439 977 fini
445 948 503 988 pour
510 937 563 985 moi,
570 944 593 979 et
599 939 622 988 je
632 939 679 978 n'ai
686 940 737 990 plue
745 951 787 990 que
795 939 852 979 faire
862 951 892 979 au
901 940 996 981 monde!

297 1002 355 1042 Sane
365 1004 397 1042 toi
407 1003 425 1042 il
434 1005 500 1044 m'eet
510 1004 637 1056 impossible
647 1004 674 1045 de
685 1005 755 1047 vivre.
786 1005 841 1045 G’en
855 1012 891 1045 eet
901 1005 959 1046 fnit!
971 1006 996 1055 je

297 1071 350 1110 n’en
361 1070 412 1121 puio
421 1070 482 1123 plue,
486 1071 510 1120 je
517 1082 553 1111 me
564 1082 647 1117 meurs,
651 1071 675 1121 je
686 1073 733 1112 euie
742 1071 835 1121 mort,je
843 1072 890 1112 euie
898 1073 997 1113 enterre.

296 1135 342 1186 N’y
361 1137 417 1178 a-tll
430 1147 541 1190 personne
555 1137 594 1187 qui
611 1137 694 1178 veullle
709 1150 745 1178 me
762 1137 894 1178 ressusciter
909 1149 940 1177 en
959 1151 996 1178 me

296 1203 394 1244 rendunt
406 1215 459 1243 mon
473 1204 526 1244 eber
542 1208 630 1253 argent,
641 1215 671 1243 ou
688 1214 716 1244 en
737 1205 895 1255 m'apprenunt
910 1204 950 1255 qul
964 1205 995 1244 l’e

295 1272 359 1321 priel
381 1271 446 1312 Euhl
459 1271 646 1322 ‹laeditur-rouel
667 1271 886 1324 Gen’eetpersonne.
911 1271 930 1311 ll
938 1271 996 1317 faut,

294 1338 331 1386 qui
342 1350 384 1389 que
395 1349 420 1377 ce
431 1338 474 1378 soit
483 1337 521 1388 qui
534 1337 566 1377 eil
580 1338 621 1377 fuit
633 1338 655 1378 le
665 1349 731 1389 ooup,
740 1339 832 1388 qu’uveo
841 1338 957 1389 beaucoup
967 1339 995 1378 de

294 1403 342 1443 eoin
362 1416 392 1444 on
410 1404 442 1443 eit
455 1404 504 1455 epil
516 1404 621 1451 l'heurez
640 1408 663 1444 et
675 1404 721 1444 l'on
734 1415 748 1444 a
760 1404 828 1444 chuisi
837 1404 962 1454 juetement
974 1405 996 1443 le

295 1475 366 1521 tempe
377 1481 419 1521 que
426 1470 449 1519 je
459 1469 630 1521 perlusemon
641 1472 720 1510 treltre
731 1470 757 1510 de
770 1470 814 1509 file.
843 1468 943 1510 Sortone.
967 1469 994 1509 Je

293 1545 353 1574 veux
365 1536 421 1575 aller
431 1535 507 1585 querir
516 1535 538 1574 la
544 1534 636 1583 justice,
643 1541 667 1574 et
675 1535 731 1575 faire
741 1536 828 1574 donner
837 1536 859 1576 la
870 1535 971 1585 question
981 1536 994 1574 al

293 1607 353 1642 tonte
368 1613 404 1641 me
418 1602 518 1643 maison:
538 1602 684 1648 enervantes,
694 1603 707 1641 ὸ
716 1602 797 1648 valete,
807 1602 821 1641 l
831 1601 875 1647 file,
885 1601 962 1646 nfille,
972 1607 995 1641 et

293 1678 306 1704 a
317 1668 362 1707 moi
372 1668 439 1709 ansel.
472 1666 521 1715 Que
532 1667 558 1707 de
571 1678 626 1717 gene
637 1668 768 1708 assembleel
795 1667 822 1707 Je
837 1678 866 1707 ue
875 1667 933 1716 jette
946 1678 994 1707 mee

292 1734 383 1782 regards
400 1745 440 1773 eur
455 1743 565 1784 personne
581 1733 620 1784 qui
635 1745 716 1774 neme
734 1735 808 1773 donne
824 1733 862 1773 dee
876 1745 994 1785 souppone‚

291 1804 314 1839 et
328 1805 377 1840 tout
394 1813 430 1841 me
445 1801 527 1841 semble
548 1812 601 1840 mon
617 1802 704 1841 volenr.
735 1800 782 1840 ΕΜ
809 1800 837 1842 de
854 1803 906 1851 quoi
925 1808 993 1843 esoce

290 1868 358 1916 qu'on
373 1870 435 1918 parle
450 1867 486 1907 lul
505 1867 531 1907 de
546 1867 604 1906 celui
620 1867 658 1918 qui
675 1863 721 1907 m’a
738 1867 831 1908 derober
862 1866 919 1915 Quel
932 1869 993 1908 broit

290 1933 369 1973 fait-on
379 1934 480 1973 loheutl
506 1932 578 1972 Est-oe
585 1943 638 1972 mon
650 1934 771 1983 voleurqui
782 1945 796 1983 y
807 1936 858 1973 estl
878 1932 911 1973 De
918 1934 991 1984 grece,

290 1999 308 2037 ei
319 1999 365 2039 l'on
376 1999 419 2039 eait
429 1999 467 2038 dee
477 1998 592 2038 nouvelles
606 1997 632 2038 de
645 2009 698 2037 mon
711 1999 796 2047 voleur,
810 2000 834 2048 je
844 1999 932 2050 eupplle
950 2012 992 2050 que

289 2065 403 2104 l'oum’en
415 2065 469 2131 (lise.
496 2063 586 2104 N'eeoil
595 2063 659 2115 point
670 2065 736 2104 oeohe
744 2065 766 2104 ll
775 2066 847 2116 parmi
857 2066 930 2105 vonel
960 2064 992 2105 Ile

289 2142 324 2169 me
342 2131 462 2180 regardeut
478 2136 527 2169 tone
545 2135 568 2170 et
585 2141 609 2170 se
626 2135 721 2170 mettent
736 2129 813 2174 orire.
841 2130 902 2171 Vone
912 2141 991 2171 verrez

290 2197 356 2247 qn’ils
365 2202 405 2236 ont
414 2201 474 2248 pert,
483 2208 536 2235 enne
546 2196 656 2242 douteeu
666 2197 703 2236 vol
713 2208 755 2247 que
769 2197 814 2237 l'on
824 2193 870 2236 m'a
880 2196 929 2237 felt.
954 2195 992 2236 Al·

288 2266 337 2303 lone
347 2264 401 2309 vite,
410 2263 448 2302 dee
460 2261 629 2309 commissurae
636 2262 675 2302 dee
684 2262 783 2309 anchore,
792 2263 831 2303 des
846 2260 945 2315 prerooe,
953 2264 992 2303 dee

284 2332 357 2379 juges,
375 2330 413 2369 dee
430 2326 505 2377 genes,
525 2328 564 2368 dee
578 2332 681 2380 potenoee
698 2333 722 2369 et
740 2329 777 2368 dee
798 2330 932 2369 bonrreeux.
963 2329 991 2369 le

288 2407 348 2435 veux
361 2395 417 2435 faire
432 2395 517 2444 pondre
531 2398 580 2433 oout
591 2394 613 2434 le
627 2394 721 2442 monde;
738 2402 761 2434 et
773 2395 793 2434 ei
802 2395 827 2444 je
842 2406 871 2434 ne
886 2399 990 2435 retrouve

288 2473 340 2500 mon
351 2466 438 2510 urgent,
441 2460 466 2509 je
473 2471 509 2499 me
515 2460 608 2510 pendrni
616 2458 743 2500 moi-meme
753 2460 834 2511 apres!

256 2563 261 2572 ,
314 2528 338 2567 h.
350 2530 381 2567 15.
396 2526 441 2577 Qul
451 2527 534 2566 vestitu
545 2529 568 2566 et
579 2529 642 2566 creta
651 2526 768 2567 occultant
775 2537 829 2573 sese.
838 2528 855 2567 1.
865 2536 884 2565 e.
897 2525 935 2576 qui
945 2537 990 2567 ore·

286 2593 339 2632 tatis
349 2593 447 2633 vestibus
460 2592 569 2632 simulent
581 2603 605 2632 ee
619 2602 667 2632 esee
676 2591 737 2632 viroe
745 2593 814 2633 bonos
824 2600 847 2632 et
856 2592 987 2641 magistratu

284 2659 370 2707 dignor.
396 2659 469 2710 Atque
477 2659 562 2705 sedent,
572 2659 589 2698 1.
597 2668 616 2698 e·
624 2657 663 2709 qni
672 2659 747 2709 eapite
755 2659 816 2698 censi
827 2659 889 2699 haud
898 2665 987 2699 essent:

283 2724 307 2762 hi
318 2725 378 2764 enirn
386 2725 410 2764 in
418 2725 505 2764 theatro
514 2724 613 2767 stabunt.
651 2723 683 2764 Οἱ.
692 2729 698 2748 ⁸
708 2725 726 2763 ei
738 2736 784 2764 nou
792 2724 830 2765 ubl
841 2724 918 2765 reden
927 2725 988 2765 loeus

283 2795 324 2835 eet,
335 2794 370 2829 eet
379 2791 417 2830 ubi
428 2785 541 2830 ambulen?
571 2790 637 2841 Oapt.
648 2788 739 2841 Prolog.
751 2799 778 2829 u.

164 2863 183 2896 3.
229 2881 255 2890 -
307 2855 331 2893 L.
343 2858 363 2894 3.
374 2866 408 2895 me
417 2856 561 2908 defraudem,
571 2861 613 2897 eto.
644 2854 677 2896 cf.
687 2855 738 2896 Ter.
753 2854 825 2897 Andr.
836 2866 853 2899 ι.
865 2854 880 2895 ἰ.
893 2858 923 2895 1⁰.
