2320 3590
368 422 572 467 aeternius.
790 441 834 484 109

124 519 203 569 Duloe
213 533 309 581 meum,
319 519 438 568 miserere
448 518 537 568 domus
548 518 656 568 labentis
668 526 694 568 et
705 520 789 581 istam,

125 599 185 662 Oro,
196 600 219 648 si
230 600 288 663 quis
300 598 382 648 adhue
392 599 509 663 precibus
519 599 598 662 locus,
609 614 673 648 exue
683 605 798 649 mentem.

126 680 161 729 Te
173 686 276 745 propter
286 678 399 744 Libycae
409 686 497 744 gentes
510 678 704 743 Nomadumque
715 682 818 745 tyranni

126 762 217 823 Odere,
229 762 323 811 infensi
333 761 422 827 Tyrii3
444 769 469 811 te
480 769 584 827 propter
594 762 699 811 eundem

127 843 274 892 Exstinetus
284 841 367 907 pudor
377 848 412 905 et,
424 858 474 906 qua
485 841 538 891 sola
550 842 633 892 sidera
643 842 751 905 adibam,

127 923 205 973 Fama
215 924 296 988 prior.
318 921 368 972 Cui
378 938 418 972 me
429 923 603 973 moribundam
614 924 716 987 deseris,
725 922 835 990 hospes?

129 1004 183 1053 Hoo
194 1005 277 1053 solum
287 1019 378 1053 nomen
388 1006 506 1070 quoniam
517 1005 548 1054 de
559 1007 664 1071 coniuge
673 1013 759 1055 restat.

128 1084 196 1146 Quid
202 1085 306 1135 moror?
323 1101 356 1134 an
364 1101 421 1135 mea
428 1086 579 1152 Pygmalion
584 1086 644 1136 dum
652 1088 751 1137 moenia
757 1088 836 1138 frater

121 1168 258 1229 Destruet,
269 1174 314 1216 aut
324 1174 424 1233 captam
434 1167 510 1217 duest
521 1168 645 1218 Gaetulus
659 1169 766 1219 Iarbas?

130 1248 225 1298 Saltem
236 1250 259 1298 si
270 1264 322 1312 qua
332 1249 394 1298 mihi
405 1249 437 1298 de
447 1257 472 1299 te
484 1257 599 1315 suseepte
608 1250 696 1300 fuisset

130 1331 198 1380 Ante
210 1330 300 1396 fugam
311 1330 420 1393 suboles,
431 1332 452 1380 si
463 1333 520 1396 quis
528 1331 717 1397 mihiparvulns
728 1332 786 1382 aula

130 1411 242 1462 Lndaret
251 1411 363 1475 Aeneas,
374 1414 454 1476 quite
465 1421 550 1462 tamen
560 1429 603 1462 ore
614 1413 727 1476 referret,

132 1493 189 1542 Non
199 1493 316 1557 equidem
327 1495 428 1542 omnino
438 1501 511 1558 eapte
521 1509 551 1542 ao
562 1493 661 1543 deserte
672 1495 778 1545 viderer.

277 1596 290 1619 t
355 1593 371 1622 1
436 1594 449 1622 ⁸
516 1594 530 1622 1
597 1597 610 1622 Α
676 1595 690 1621 U

164 1654 238 1705 Talia
248 1655 371 1705 dicentem
381 1657 525 1706 iamdudum
536 1673 624 1707 aversa
634 1665 729 1720 tuetur,

134 1738 188 1787 Hue
198 1738 258 1787 illue
269 1739 370 1788 volvens
380 1739 471 1796 oeulos,
483 1746 613 1804 totumque
623 1747 737 1804 pererrat

137 1819 282 1869 Luminibus
293 1821 385 1883 tacitis,
396 1828 422 1869 et
432 1821 467 1869 sio
477 1825 581 1869 aooeusa
591 1820 722 1885 profatur:

164 1901 217 1951 Neo
225 1902 272 1951 tibi
283 1901 837 1967 divaparens,generisneeDerdanusauemr‚

133 1983 248 2049 Perfide3
264 1984 309 2034 sed
320 1984 390 2033 duris
400 1984 487 2050 genuit
496 1993 521 2034 te
531 1984 645 2034 cautibus
657 1984 762 2034 horrens

133 2064 267 2124 Caucasus,
277 2065 459 2131 Hyrcanaeque
470 2065 604 2115 admorunt
613 2066 692 2115 ubera
702 2067 786 2131 tigres.

135 2147 200 2196 Nam
212 2147 273 2212 quid
286 2146 436 2197 dissimulo?
454 2155 498 2197 ant
508 2163 573 2212 quae
583 2163 623 2196 me
634 2146 666 2196 ad
676 2149 772 2197 maiora
782 2164 818 2197 re·

230 2227 323 2277 servo?

136 2308 203 2357 Num
213 2309 275 2359 fletu
286 2309 410 2375 ingemuit
419 2309 525 2359 nostro?
542 2325 602 2358 num
612 2309 708 2357 lumina
718 2308 809 2358 flexit?

136 2390 202 2439 Num
213 2391 331 2440 laerimes
341 2391 421 2439 vietus
432 2390 509 2453 dedit,
514 2397 559 2439 aut
570 2392 702 2440 miseratus
712 2399 836 2440 amentem

230 2472 290 2522 est?

136 2553 302 2620 Quaeqnibus
307 2553 463 2604 anteferam?
475 2553 529 2603 Iam
536 2555 586 2603 iam
591 2552 836 2609 neemaxumelnno‚

136 2635 188 2686 Nee
199 2635 335 2686 Saturnius
344 2635 406 2684 haee
416 2635 494 2685 oeulis
505 2641 576 2700 pater
588 2634 676 2699 aspicit
686 2635 780 2698 aequis.

137 2717 267 2784 Nusquam
278 2724 336 2767 tute
345 2716 415 2767 fides.
448 2717 561 2767 Eiectum
571 2716 653 2776 litore,
665 2722 778 2781 egentem

139 2794 231 2862 Itxoepi
242 2803 269 2846 et
279 2796 354 2859 regni
365 2794 465 2844 demens
476 2795 502 2844 in
512 2801 584 2859 perte
595 2793 688 2858 loeavi,

140 2875 261 2928 Amissam
272 2877 387 2939 classem,
399 2877 475 2926 socios
485 2892 500 2924 a
509 2882 590 2925 morte
599 2875 697 2924 reduxi.
