2360 3598
309 419 342 475 ⁵⁸
455 412 690 457 assuescens
716 413 861 456 armus.

310 506 390 557 Simul
401 508 463 557 haec
471 509 604 558 comitibus
614 507 685 558 Attis
695 509 785 558 cecinit
795 508 873 577 notba
883 507 981 571 mulier,

306 588 414 638 Thiasus
424 597 526 655 repente
536 590 630 655 linguis
640 590 829 655 strepitantibus
839 589 929 647 ululat,

306 672 372 720 Leve
383 677 530 736 tympanum
542 673 660 738 remugit,
671 688 733 722 cava
742 673 858 738 cymbala
868 679 1011 736 recrepant,

307 752 422 802 Viridem
433 754 500 803 citus
511 753 564 802 adit
575 753 646 802 Idam
658 762 807 819 properante
817 754 880 818 pede
891 753 991 804 chorus.

306 834 453 883 Furibunda
462 835 535 883 simul
543 834 662 883 anhelans
668 851 733 900 vaga
740 835 810 884 vadit
818 836 925 883 animam
934 851 1011 900 agens

307 913 433 964 Comitata
443 922 564 980 tympano
573 915 645 964 Attis
654 931 700 980 per
710 931 788 980 opaca
799 931 903 965 nemora
914 916 977 978 dux,

307 996 396 1045 Veluti
406 997 510 1045 iuvenca
520 996 602 1045 viteus
613 1013 676 1046 onus
686 996 807 1045 indomita
818 998 888 1063 iugi?

308 1077 421 1142 Rapidae
432 1077 519 1126 ducem
530 1086 670 1140 sequuntur
681 1077 770 1128 Gallae
782 1077 978 1143 properipsdem.

306 1159 405 1223 Itaque,
418 1165 447 1208 ut
457 1159 557 1208 domum
568 1158 686 1225 Cybelles
696 1161 801 1225 tetigere
811 1159 927 1224 lemniae,

309 1240 394 1289 Nimio
405 1241 514 1290 elabere
525 1256 638 1290 sumnum
650 1243 752 1307 capiunt
760 1242 812 1291 eine
824 1241 924 1291 Cerere.

307 1320 384 1386 Piger
394 1321 434 1370 his
443 1321 544 1387 labante
555 1321 659 1386 lengum
669 1322 754 1371 «culm
765 1337 837 1387 sopor
849 1323 945 1388 operit:

307 1401 373 1451 Abit
382 1403 408 1452 iu
419 1405 503 1468 quiete
512 1403 581 1452 molli
592 1403 694 1453 rabidus
704 1403 775 1453 furor
785 1405 869 1453 animi.

309 1477 358 1526 Sed
370 1479 412 1528 ubi
423 1481 474 1529 oris
484 1482 554 1529 aurei
566 1479 608 1529 Sol
618 1480 775 1530 radiantibus
785 1480 863 1530 oculis

306 1559 436 1610 Lustravit
446 1562 547 1610 aethera
558 1561 650 1621 album,
663 1561 715 1610 sola
726 1561 798 1623 dura,
809 1577 877 1610 mare
888 1561 978 1620 ferum,

306 1641 455 1708 Pepulitque
465 1644 545 1692 noetis
557 1642 657 1692 umbras
669 1645 764 1708 vegetis
776 1642 945 1707 sonipedibus,

306 1723 347 1772 lbi
359 1723 483 1789 Scmpnus
493 1725 603 1774 excitum
617 1725 691 1773 Attin
703 1724 801 1790 fugiens
813 1694 966 1773 citusdsiit:

307 1805 459 1871 Trepidante
470 1822 528 1856 eum
538 1807 633 1871 recepit
644 1806 691 1856 dea
699 1805 819 1873 Pasithea
829 1807 894 1855 sinu.

306 1889 347 1938 Ita
356 1888 387 1937 de
398 1889 482 1954 quiete
493 1887 562 1938 molli
571 1888 659 1953 rapida
670 1890 724 1938 sine
735 1888 805 1937 rabie

307 1967 386 2018 Simul
397 1971 450 2035 ipse
462 1976 562 2034 pectore
574 1970 645 2018 Attis
656 1984 702 2018 sua
712 1967 902 2035 sectaremini,

307 2051 463 2116 Liquidsque
473 2057 556 2100 mente
567 2050 630 2099 vidit
640 2050 693 2100 sine
705 2050 775 2113 queis
786 2050 880 2113 ubique
891 2048 966 2110 foret,

305 2134 399 2181 Animo
409 2138 538 2182 aestuante
548 2148 634 2180 rusum
645 2131 754 2180 reditum
766 2130 798 2180 ad
808 2130 871 2179 vada
882 2129 974 2181 munit.

265 2253 269 2259 .
304 2214 345 2262 Ibi
356 2215 436 2263 maria
443 2222 515 2264 vasta
524 2214 607 2263 visens
617 2212 807 2262 lacrimantibus
816 2211 902 2268 oculis,

307 2297 419 2345 Patriam
430 2295 538 2345 allocuta
548 2302 668 2343 maestast
678 2295 714 2344 ita
724 2310 782 2343 voce
793 2294 925 2342 miseritar.

337 2377 440 2426 ‘Patria
451 2392 466 2426 o
477 2376 527 2424 mei
537 2375 654 2433 creatrix,
664 2376 747 2440 patria
758 2392 774 2425 o
784 2390 839 2423 mea
849 2375 975 2440 gensum,

305 2459 360 2524 Fgo
371 2473 447 2522 quarn
456 2459 530 2508 miser
540 2457 693 2521 relinquens,
703 2456 815 2506 dominos
826 2464 855 2505 ut
865 2455 998 2521 herifugas

305 2538 406 2590 Famuli
416 2538 504 2599 solent,
515 2537 547 2587 ad
558 2537 618 2587 Idae
628 2538 702 2587 tetuli
712 2552 814 2587 nemora
824 2536 921 2601 pedem,

309 2620 347 2670 Ut
356 2626 418 2685 aput
428 2621 508 2669 nivem
520 2626 546 2668 et
556 2618 666 2668 ferarum
678 2618 761 2684 gelida
772 2617 960 2668 ambulatorem

308 2703 343 2753 Et
351 2717 438 2751 earum
449 2703 533 2751 omnia
543 2701 637 2751 adirem
649 2701 785 2751 furibunda
795 2699 908 2762 latibula,

311 2785 420 2834 Ubinam
430 2791 475 2832 aut
485 2783 575 2847 quibus
587 2782 647 2833 locis
656 2791 681 2833 te
691 2783 807 2848 positam,
818 2781 909 2847 patria,
919 2782 997 2831 reor?

309 2864 387 2930 Cupit
398 2866 453 2931 ipsa
463 2864 558 2936 pupula
568 2864 600 2914 ad
610 2871 635 2915 te
646 2865 695 2915 sibi
704 2864 813 2930 dirigere
823 2864 910 2926 aciem,
