<?xml version="1.0" encoding="UTF-8"?>
<!DOCTYPE html PUBLIC "-//W3C//DTD XHTML 1.0 Transitional//EN"
    "http://www.w3.org/TR/xhtml1/DTD/xhtml1-transitional.dtd">
<html xmlns="http://www.w3.org/1999/xhtml" xml:lang="en" lang="en">
 <head>
  <title>
</title>
<meta http-equiv="Content-Type" content="text/html;charset=utf-8" />
  <meta name='ocr-system' content='tesseract 3.04.00' />
  <meta name='ocr-capabilities' content='ocr_page ocr_carea ocr_par ocr_line ocrx_word'/>
</head>
<body>
  <div class='ocr_page' id='page_1' title='image "./anthologialatin02thacgoog_0121.png"; bbox 0 0 2320 3590; ppageno 0'>
   <div class='ocr_carea' id='block_1_1' title="bbox 308 372 856 429">
    <p class='ocr_par' dir='ltr' id='par_1_1' title="bbox 308 372 856 429">
     <span class='ocr_line' id='line_1_1' title="bbox 308 372 856 429; baseline -0.013 -9"><span class='ocrx_word' id='word_1_1' title='bbox 308 394 352 429; x_wconf 88' lang='lat'>100</span> <span class='ocrx_word' id='word_1_2' title='bbox 449 373 684 418; x_wconf 73' lang='lat' dir='ltr'><strong><em>ANTHOLOGIA</em></strong></span> <span class='ocrx_word' id='word_1_3' title='bbox 710 372 856 415; x_wconf 77' lang='lat' dir='ltr'><strong><em>LATINA.</em></strong></span> 
     </span>
    </p>
   </div>
   <div class='ocr_carea' id='block_1_2' title="bbox 304 468 1007 2885">
    <p class='ocr_par' dir='ltr' id='par_1_2' title="bbox 304 468 1007 2885">
     <span class='ocr_line' id='line_1_2' title="bbox 304 468 894 530; baseline -0.007 -9"><span class='ocrx_word' id='word_1_4' title='bbox 304 471 354 521; x_wconf 81' lang='lat' dir='ltr'>Fas</span> <span class='ocrx_word' id='word_1_5' title='bbox 365 471 427 520; x_wconf 90' lang='lat' dir='ltr'>mihi</span> <span class='ocrx_word' id='word_1_6' title='bbox 438 470 573 521; x_wconf 85' lang='lat' dir='ltr'>Graiorum</span> <span class='ocrx_word' id='word_1_7' title='bbox 584 475 682 518; x_wconf 86' lang='lat' dir='ltr'>sacrata</span> <span class='ocrx_word' id='word_1_8' title='bbox 693 468 818 517; x_wconf 84' lang='lat' dir='ltr'>resolvere</span> <span class='ocrx_word' id='word_1_9' title='bbox 829 469 894 530; x_wconf 80' lang='lat' dir='ltr'>iura,</span> 
     </span>
     <span class='ocr_line' id='line_1_3' title="bbox 304 549 942 616; baseline -0.006 -15"><span class='ocrx_word' id='word_1_10' title='bbox 304 553 353 602; x_wconf 85' lang='lat' dir='ltr'>Fas</span> <span class='ocrx_word' id='word_1_11' title='bbox 364 551 444 601; x_wconf 89' lang='lat' dir='ltr'>odisse</span> <span class='ocrx_word' id='word_1_12' title='bbox 455 552 530 610; x_wconf 87' lang='lat' dir='ltr'>viros,</span> <span class='ocrx_word' id='word_1_13' title='bbox 542 558 617 616; x_wconf 86' lang='lat' dir='ltr'>atque</span> <span class='ocrx_word' id='word_1_14' title='bbox 628 550 712 598; x_wconf 88' lang='lat' dir='ltr'>omnia</span> <span class='ocrx_word' id='word_1_15' title='bbox 722 549 790 598; x_wconf 84' lang='lat' dir='ltr'>ferre</span> <span class='ocrx_word' id='word_1_16' title='bbox 800 549 848 598; x_wconf 93' lang='lat' dir='ltr'>sub</span> <span class='ocrx_word' id='word_1_17' title='bbox 858 563 942 611; x_wconf 84' lang='lat' dir='ltr'>auras,</span> 
     </span>
     <span class='ocr_line' id='line_1_4' title="bbox 306 629 957 698; baseline -0.006 -16"><span class='ocrx_word' id='word_1_18' title='bbox 306 632 333 682; x_wconf 89' lang='lat' dir='ltr'>Si</span> <span class='ocrx_word' id='word_1_19' title='bbox 343 649 394 697; x_wconf 87' lang='lat' dir='ltr'>qua</span> <span class='ocrx_word' id='word_1_20' title='bbox 404 640 508 698; x_wconf 76' lang='lat' dir='ltr'>tegunt,</span> <span class='ocrx_word' id='word_1_21' title='bbox 524 638 611 681; x_wconf 87' lang='lat' dir='ltr'>teneor</span> <span class='ocrx_word' id='word_1_22' title='bbox 621 631 717 696; x_wconf 76' lang='lat' dir='ltr'>patriae</span> <span class='ocrx_word' id='word_1_23' title='bbox 727 646 773 679; x_wconf 89' lang='lat' dir='ltr'>nec</span> <span class='ocrx_word' id='word_1_24' title='bbox 784 629 883 695; x_wconf 88' lang='lat' dir='ltr'>legibus</span> <span class='ocrx_word' id='word_1_25' title='bbox 894 629 957 679; x_wconf 89' lang='lat' dir='ltr'>ullis.</span> 
     </span>
     <span class='ocr_line' id='line_1_5' title="bbox 304 714 940 778; baseline -0.005 -15"><span class='ocrx_word' id='word_1_26' title='bbox 304 714 345 763; x_wconf 86' lang='lat' dir='ltr'>Tu</span> <span class='ocrx_word' id='word_1_27' title='bbox 355 714 429 763; x_wconf 91' lang='lat' dir='ltr'>modo</span> <span class='ocrx_word' id='word_1_28' title='bbox 439 714 567 778; x_wconf 72' lang='lat' dir='ltr'>promissis</span> <span class='ocrx_word' id='word_1_29' title='bbox 577 727 685 770; x_wconf 86' lang='lat' dir='ltr'>maneas,</span> <span class='ocrx_word' id='word_1_30' title='bbox 695 719 845 776; x_wconf 83' lang='lat' dir='ltr'>servataque</span> <span class='ocrx_word' id='word_1_31' title='bbox 856 726 940 761; x_wconf 87' lang='lat' dir='ltr'>serves</span> 
     </span>
     <span class='ocr_line' id='line_1_6' title="bbox 304 793 1003 859; baseline -0.004 -15"><span class='ocrx_word' id='word_1_32' title='bbox 304 795 380 844; x_wconf 87' lang='lat' dir='ltr'>Troia</span> <span class='ocrx_word' id='word_1_33' title='bbox 391 794 475 857; x_wconf 88' lang='lat' dir='ltr'>fidem,</span> <span class='ocrx_word' id='word_1_34' title='bbox 486 795 508 843; x_wconf 88' lang='lat' dir='ltr'>si</span> <span class='ocrx_word' id='word_1_35' title='bbox 519 808 579 843; x_wconf 82' lang='lat' dir='ltr'>vera</span> <span class='ocrx_word' id='word_1_36' title='bbox 590 794 679 857; x_wconf 76' lang='lat' dir='ltr'>samm,</span> <span class='ocrx_word' id='word_1_37' title='bbox 689 794 710 843; x_wconf 90' lang='lat' dir='ltr'>si</span> <span class='ocrx_word' id='word_1_38' title='bbox 721 809 813 858; x_wconf 81' lang='lat' dir='ltr'>magne</span> <span class='ocrx_word' id='word_1_39' title='bbox 823 793 967 859; x_wconf 80' lang='lat' dir='ltr'><strong>rependam.</strong></span> <span class='ocrx_word' id='word_1_40' title='bbox 1002 812 1003 818; x_wconf 48' lang='lat'>¹</span> 
     </span>
     <span class='ocr_line' id='line_1_7' title="bbox 336 872 919 938; baseline -0.002 -15"><span class='ocrx_word' id='word_1_41' title='bbox 336 874 424 924; x_wconf 92' lang='lat' dir='ltr'>Omnis</span> <span class='ocrx_word' id='word_1_42' title='bbox 435 889 491 938; x_wconf 91' lang='lat' dir='ltr'>spes</span> <span class='ocrx_word' id='word_1_43' title='bbox 500 873 617 922; x_wconf 87' lang='lat' dir='ltr'>Danaum</span> <span class='ocrx_word' id='word_1_44' title='bbox 629 878 654 922; x_wconf 89' lang='lat' dir='ltr'>et</span> <span class='ocrx_word' id='word_1_45' title='bbox 664 874 746 936; x_wconf 89' lang='lat' dir='ltr'>coepti</span> <span class='ocrx_word' id='word_1_46' title='bbox 757 872 850 922; x_wconf 85' lang='lat' dir='ltr'>fiducia</span> <span class='ocrx_word' id='word_1_47' title='bbox 859 873 919 922; x_wconf 89' lang='lat' dir='ltr'>belli</span> 
     </span>
     <span class='ocr_line' id='line_1_8' title="bbox 304 955 956 1020; baseline -0.002 -16"><span class='ocrx_word' id='word_1_48' title='bbox 304 955 414 1004; x_wconf 86' lang='lat' dir='ltr'>Palladis</span> <span class='ocrx_word' id='word_1_49' title='bbox 426 955 526 1004; x_wconf 82' lang='lat' dir='ltr'>auxiliis</span> <span class='ocrx_word' id='word_1_50' title='bbox 536 970 634 1018; x_wconf 88' lang='lat' dir='ltr'>semper</span> <span class='ocrx_word' id='word_1_51' title='bbox 640 956 722 1006; x_wconf 87' lang='lat' dir='ltr'>stetit.</span> <span class='ocrx_word' id='word_1_52' title='bbox 756 955 853 1019; x_wconf 87' lang='lat' dir='ltr'>Impius</span> <span class='ocrx_word' id='word_1_53' title='bbox 862 970 896 1004; x_wconf 83' lang='lat' dir='ltr'>ex</span> <span class='ocrx_word' id='word_1_54' title='bbox 906 972 956 1020; x_wconf 91' lang='lat' dir='ltr'>quo</span> 
     </span>
     <span class='ocr_line' id='line_1_9' title="bbox 305 1035 963 1101; baseline 0.003 -17"><span class='ocrx_word' id='word_1_55' title='bbox 305 1036 416 1101; x_wconf 78' lang='lat' dir='ltr'>Tydides</span> <span class='ocrx_word' id='word_1_56' title='bbox 426 1035 470 1086; x_wconf 90' lang='lat' dir='ltr'>sed</span> <span class='ocrx_word' id='word_1_57' title='bbox 480 1036 547 1084; x_wconf 90' lang='lat' dir='ltr'>enim</span> <span class='ocrx_word' id='word_1_58' title='bbox 554 1035 724 1099; x_wconf 71' lang='lat' dir='ltr'>scelerumque</span> <span class='ocrx_word' id='word_1_59' title='bbox 735 1037 851 1084; x_wconf 88' lang='lat' dir='ltr'>inventor</span> <span class='ocrx_word' id='word_1_60' title='bbox 862 1035 963 1099; x_wconf 80' lang='lat' dir='ltr'>Ulixes,</span> 
     </span>
     <span class='ocr_line' id='line_1_10' title="bbox 304 1116 847 1181; baseline 0 -16"><span class='ocrx_word' id='word_1_61' title='bbox 304 1117 394 1166; x_wconf 85' lang='lat' dir='ltr'>Fatale</span> <span class='ocrx_word' id='word_1_62' title='bbox 405 1116 517 1181; x_wconf 72' lang='lat' dir='ltr'>adgressi</span> <span class='ocrx_word' id='word_1_63' title='bbox 529 1123 625 1165; x_wconf 84' lang='lat' dir='ltr'>sacruto</span> <span class='ocrx_word' id='word_1_64' title='bbox 636 1116 743 1165; x_wconf 86' lang='lat' dir='ltr'>avellere</span> <span class='ocrx_word' id='word_1_65' title='bbox 754 1117 847 1180; x_wconf 89' lang='lat' dir='ltr'>templo</span> 
     </span>
     <span class='ocr_line' id='line_1_11' title="bbox 305 1196 903 1260; baseline 0.002 -15"><span class='ocrx_word' id='word_1_66' title='bbox 305 1197 454 1260; x_wconf 86' lang='lat' dir='ltr'>Palladium,</span> <span class='ocrx_word' id='word_1_67' title='bbox 464 1197 543 1246; x_wconf 87' lang='lat' dir='ltr'>caesis</span> <span class='ocrx_word' id='word_1_68' title='bbox 553 1212 663 1246; x_wconf 89' lang='lat' dir='ltr'>summae</span> <span class='ocrx_word' id='word_1_69' title='bbox 673 1196 818 1246; x_wconf 81' lang='lat' dir='ltr'>custodibus</span> <span class='ocrx_word' id='word_1_70' title='bbox 828 1199 903 1258; x_wconf 88' lang='lat' dir='ltr'>arcis,</span> 
     </span>
     <span class='ocr_line' id='line_1_12' title="bbox 305 1277 987 1343; baseline 0 -16"><span class='ocrx_word' id='word_1_71' title='bbox 305 1277 455 1342; x_wconf 85' lang='lat' dir='ltr'>Corripuere</span> <span class='ocrx_word' id='word_1_72' title='bbox 467 1293 562 1327; x_wconf 86' lang='lat' dir='ltr'>sacram</span> <span class='ocrx_word' id='word_1_73' title='bbox 573 1277 689 1343; x_wconf 87' lang='lat' dir='ltr'>effigiem,</span> <span class='ocrx_word' id='word_1_74' title='bbox 699 1278 865 1343; x_wconf 83' lang='lat' dir='ltr'>manibusque</span> <span class='ocrx_word' id='word_1_75' title='bbox 875 1280 987 1327; x_wconf 87' lang='lat' dir='ltr'>cruentis</span> 
     </span>
     <span class='ocr_line' id='line_1_13' title="bbox 306 1360 847 1426; baseline 0 -17"><span class='ocrx_word' id='word_1_76' title='bbox 306 1361 444 1426; x_wconf 74' lang='lat' dir='ltr'>Virgineus</span> <span class='ocrx_word' id='word_1_77' title='bbox 453 1360 510 1409; x_wconf 85' lang='lat' dir='ltr'>ausi</span> <span class='ocrx_word' id='word_1_78' title='bbox 521 1360 594 1408; x_wconf 86' lang='lat' dir='ltr'>divae</span> <span class='ocrx_word' id='word_1_79' title='bbox 605 1360 751 1424; x_wconf 90' lang='lat' dir='ltr'>contingere</span> <span class='ocrx_word' id='word_1_80' title='bbox 761 1360 847 1422; x_wconf 84' lang='lat' dir='ltr'>vittas,</span> 
     </span>
     <span class='ocr_line' id='line_1_14' title="bbox 305 1438 840 1505; baseline 0 -15"><span class='ocrx_word' id='word_1_81' title='bbox 305 1442 347 1490; x_wconf 81' lang='lat' dir='ltr'>Ex</span> <span class='ocrx_word' id='word_1_82' title='bbox 357 1438 401 1490; x_wconf 92' lang='lat' dir='ltr'>illo</span> <span class='ocrx_word' id='word_1_83' title='bbox 411 1440 490 1490; x_wconf 88' lang='lat' dir='ltr'>fluere</span> <span class='ocrx_word' id='word_1_84' title='bbox 501 1456 531 1489; x_wconf 89' lang='lat' dir='ltr'>ac</span> <span class='ocrx_word' id='word_1_85' title='bbox 542 1446 611 1489; x_wconf 90' lang='lat' dir='ltr'>retro</span> <span class='ocrx_word' id='word_1_86' title='bbox 622 1439 740 1505; x_wconf 89' lang='lat' dir='ltr'>sublapsa</span> <span class='ocrx_word' id='word_1_87' title='bbox 750 1440 840 1490; x_wconf 82' lang='lat' dir='ltr'>referri</span> 
     </span>
     <span class='ocr_line' id='line_1_15' title="bbox 307 1522 962 1588; baseline -0.002 -16"><span class='ocrx_word' id='word_1_88' title='bbox 307 1522 368 1588; x_wconf 89' lang='lat' dir='ltr'>Spes</span> <span class='ocrx_word' id='word_1_89' title='bbox 379 1523 505 1579; x_wconf 84' lang='lat' dir='ltr'>Danaum,</span> <span class='ocrx_word' id='word_1_90' title='bbox 516 1522 611 1571; x_wconf 84' lang='lat' dir='ltr'>fractae</span> <span class='ocrx_word' id='word_1_91' title='bbox 621 1522 696 1583; x_wconf 82' lang='lat' dir='ltr'>vires,</span> <span class='ocrx_word' id='word_1_92' title='bbox 708 1536 796 1570; x_wconf 87' lang='lat' dir='ltr'>aversa</span> <span class='ocrx_word' id='word_1_93' title='bbox 807 1522 869 1571; x_wconf 89' lang='lat' dir='ltr'>deae</span> <span class='ocrx_word' id='word_1_94' title='bbox 880 1538 962 1572; x_wconf 71' lang='lat' dir='ltr'>mens,</span> 
     </span>
     <span class='ocr_line' id='line_1_16' title="bbox 306 1599 919 1665; baseline 0 -14"><span class='ocrx_word' id='word_1_95' title='bbox 306 1600 360 1651; x_wconf 83' lang='lat' dir='ltr'>Nec</span> <span class='ocrx_word' id='word_1_96' title='bbox 369 1601 451 1651; x_wconf 88' lang='lat' dir='ltr'>dubiis</span> <span class='ocrx_word' id='word_1_97' title='bbox 461 1616 492 1650; x_wconf 88' lang='lat' dir='ltr'>ea</span> <span class='ocrx_word' id='word_1_98' title='bbox 503 1601 576 1665; x_wconf 86' lang='lat' dir='ltr'>signa</span> <span class='ocrx_word' id='word_1_99' title='bbox 586 1600 655 1649; x_wconf 92' lang='lat' dir='ltr'>dedit</span> <span class='ocrx_word' id='word_1_100' title='bbox 665 1599 781 1650; x_wconf 86' lang='lat' dir='ltr'>Tritonia</span> <span class='ocrx_word' id='word_1_101' title='bbox 791 1603 919 1652; x_wconf 78' lang='lat' dir='ltr'>monstris.</span> 
     </span>
     <span class='ocr_line' id='line_1_17' title="bbox 306 1680 994 1748; baseline 0.003 -17"><span class='ocrx_word' id='word_1_102' title='bbox 306 1684 361 1731; x_wconf 87' lang='lat' dir='ltr'>Vix</span> <span class='ocrx_word' id='word_1_103' title='bbox 370 1684 479 1748; x_wconf 91' lang='lat' dir='ltr'>positum</span> <span class='ocrx_word' id='word_1_104' title='bbox 489 1682 578 1730; x_wconf 87' lang='lat' dir='ltr'>castris</span> <span class='ocrx_word' id='word_1_105' title='bbox 588 1680 748 1730; x_wconf 85' lang='lat' dir='ltr'>simulacrum</span> <span class='ocrx_word' id='word_1_106' title='bbox 757 1701 764 1732; x_wconf 73' lang='grc' dir='ltr'><strong>ε</strong></span> <span class='ocrx_word' id='word_1_107' title='bbox 781 1697 866 1732; x_wconf 88' lang='lat' dir='ltr'>arsere</span> <span class='ocrx_word' id='word_1_108' title='bbox 876 1699 994 1734; x_wconf 81' lang='lat' dir='ltr'>coruscae</span> 
     </span>
     <span class='ocr_line' id='line_1_18' title="bbox 306 1762 987 1829; baseline 0 -15"><span class='ocrx_word' id='word_1_109' title='bbox 306 1762 580 1813; x_wconf 78' lang='lat' dir='ltr'>Luminibussflammae</span> <span class='ocrx_word' id='word_1_110' title='bbox 592 1763 704 1823; x_wconf 77' lang='lat' dir='ltr'>arrectis,</span> <span class='ocrx_word' id='word_1_111' title='bbox 717 1762 846 1828; x_wconf 87' lang='lat' dir='ltr'>salsusque</span> <span class='ocrx_word' id='word_1_112' title='bbox 858 1779 905 1829; x_wconf 90' lang='lat' dir='ltr'>per</span> <span class='ocrx_word' id='word_1_113' title='bbox 915 1773 987 1814; x_wconf 88' lang='lat' dir='ltr'>artus</span> 
     </span>
     <span class='ocr_line' id='line_1_19' title="bbox 308 1843 924 1908; baseline 0.002 -14"><span class='ocrx_word' id='word_1_114' title='bbox 308 1846 389 1896; x_wconf 87' lang='lat' dir='ltr'>Sudor</span> <span class='ocrx_word' id='word_1_115' title='bbox 400 1847 437 1902; x_wconf 87' lang='lat' dir='ltr'>iit,</span> <span class='ocrx_word' id='word_1_116' title='bbox 448 1852 536 1908; x_wconf 88' lang='lat' dir='ltr'>terque</span> <span class='ocrx_word' id='word_1_117' title='bbox 547 1845 602 1908; x_wconf 87' lang='lat' dir='ltr'>ipsa</span> <span class='ocrx_word' id='word_1_118' title='bbox 611 1843 811 1893; x_wconf 90' lang='lat' dir='ltr'>solo—mirabile</span> <span class='ocrx_word' id='word_1_119' title='bbox 822 1846 924 1896; x_wconf 88' lang='lat' dir='ltr'>dictu-</span> 
     </span>
     <span class='ocr_line' id='line_1_20' title="bbox 307 1925 1007 1991; baseline 0.001 -14"><span class='ocrx_word' id='word_1_120' title='bbox 307 1929 424 1988; x_wconf 84' lang='lat' dir='ltr'>Emicuit,</span> <span class='ocrx_word' id='word_1_121' title='bbox 430 1941 591 1991; x_wconf 86' lang='lat' dir='ltr'>parmamque</span> <span class='ocrx_word' id='word_1_122' title='bbox 602 1925 683 1974; x_wconf 85' lang='lat' dir='ltr'>ferens</span> <span class='ocrx_word' id='word_1_123' title='bbox 693 1926 841 1991; x_wconf 81' lang='lat' dir='ltr'>hastamque</span> <span class='ocrx_word' id='word_1_124' title='bbox 852 1935 1007 1979; x_wconf 88' lang='lat' dir='ltr'>trementem.</span> 
     </span>
     <span class='ocr_line' id='line_1_21' title="bbox 306 2006 988 2074; baseline 0.003 -15"><span class='ocrx_word' id='word_1_125' title='bbox 306 2009 439 2074; x_wconf 84' lang='lat' dir='ltr'>Extemplo</span> <span class='ocrx_word' id='word_1_126' title='bbox 450 2007 593 2073; x_wconf 85' lang='lat' dir='ltr'>temptanda</span> <span class='ocrx_word' id='word_1_127' title='bbox 602 2006 664 2072; x_wconf 85' lang='lat' dir='ltr'>fuga</span> <span class='ocrx_word' id='word_1_128' title='bbox 673 2008 740 2056; x_wconf 87' lang='lat' dir='ltr'>canit</span> <span class='ocrx_word' id='word_1_129' title='bbox 750 2023 861 2072; x_wconf 83' lang='lat' dir='ltr'>aequora</span> <span class='ocrx_word' id='word_1_130' title='bbox 871 2009 988 2072; x_wconf 87' lang='lat' dir='ltr'>Calchas,</span> 
     </span>
     <span class='ocr_line' id='line_1_22' title="bbox 308 2087 913 2156; baseline 0 -16"><span class='ocrx_word' id='word_1_131' title='bbox 308 2091 361 2140; x_wconf 89' lang='lat' dir='ltr'>Nec</span> <span class='ocrx_word' id='word_1_132' title='bbox 371 2105 443 2156; x_wconf 91' lang='lat' dir='ltr'>posse</span> <span class='ocrx_word' id='word_1_133' title='bbox 454 2089 580 2155; x_wconf 84' lang='lat' dir='ltr'>Argolicis</span> <span class='ocrx_word' id='word_1_134' title='bbox 590 2088 703 2137; x_wconf 83' lang='lat' dir='ltr'>exscindi</span> <span class='ocrx_word' id='word_1_135' title='bbox 713 2087 838 2154; x_wconf 87' lang='lat' dir='ltr'>Pergama</span> <span class='ocrx_word' id='word_1_136' title='bbox 846 2091 913 2154; x_wconf 88' lang='lat' dir='ltr'>telis,</span> 
     </span>
     <span class='ocr_line' id='line_1_23' title="bbox 308 2171 952 2236; baseline 0.002 -14"><span class='ocrx_word' id='word_1_137' title='bbox 308 2174 399 2222; x_wconf 87' lang='lat' dir='ltr'>Omina</span> <span class='ocrx_word' id='word_1_138' title='bbox 409 2173 435 2220; x_wconf 91' lang='lat' dir='ltr'>ni</span> <span class='ocrx_word' id='word_1_139' title='bbox 445 2177 560 2236; x_wconf 83' lang='lat' dir='ltr'>repetant</span> <span class='ocrx_word' id='word_1_140' title='bbox 569 2171 658 2235; x_wconf 84' lang='lat' dir='ltr'>Argis,</span> <span class='ocrx_word' id='word_1_141' title='bbox 669 2186 811 2235; x_wconf 90' lang='lat' dir='ltr'>numenque</span> <span class='ocrx_word' id='word_1_142' title='bbox 822 2172 952 2233; x_wconf 85' lang='lat' dir='ltr'>reducant,</span> 
     </span>
     <span class='ocr_line' id='line_1_24' title="bbox 308 2252 930 2319; baseline 0.003 -17"><span class='ocrx_word' id='word_1_143' title='bbox 308 2253 381 2314; x_wconf 83' lang='lat' dir='ltr'>Quod</span> <span class='ocrx_word' id='word_1_144' title='bbox 390 2253 479 2319; x_wconf 84' lang='lat' dir='ltr'>pelago</span> <span class='ocrx_word' id='word_1_145' title='bbox 490 2259 516 2302; x_wconf 92' lang='lat' dir='ltr'>et</span> <span class='ocrx_word' id='word_1_146' title='bbox 526 2252 610 2301; x_wconf 84' lang='lat' dir='ltr'>curvis</span> <span class='ocrx_word' id='word_1_147' title='bbox 620 2266 703 2299; x_wconf 87' lang='lat' dir='ltr'>secum</span> <span class='ocrx_word' id='word_1_148' title='bbox 714 2266 821 2301; x_wconf 83' lang='lat' dir='ltr'>avexere</span> <span class='ocrx_word' id='word_1_149' title='bbox 830 2256 930 2305; x_wconf 75' lang='lat' dir='ltr'>cannis.</span> 
     </span>
     <span class='ocr_line' id='line_1_25' title="bbox 307 2333 935 2400; baseline 0.005 -17"><span class='ocrx_word' id='word_1_150' title='bbox 307 2336 341 2384; x_wconf 85' lang='lat' dir='ltr'>Et</span> <span class='ocrx_word' id='word_1_151' title='bbox 351 2350 425 2393; x_wconf 90' lang='lat' dir='ltr'>nunc,</span> <span class='ocrx_word' id='word_1_152' title='bbox 436 2333 503 2398; x_wconf 88' lang='lat' dir='ltr'>quod</span> <span class='ocrx_word' id='word_1_153' title='bbox 512 2333 607 2398; x_wconf 86' lang='lat' dir='ltr'>patrias</span> <span class='ocrx_word' id='word_1_154' title='bbox 617 2339 690 2381; x_wconf 84' lang='lat' dir='ltr'>vente</span> <span class='ocrx_word' id='word_1_155' title='bbox 700 2333 794 2396; x_wconf 87' lang='lat' dir='ltr'>petiere</span> <span class='ocrx_word' id='word_1_156' title='bbox 804 2333 935 2400; x_wconf 84' lang='lat' dir='ltr'>Mycenas,</span> 
     </span>
     <span class='ocr_line' id='line_1_26' title="bbox 307 2413 1007 2480; baseline 0.007 -17"><span class='ocrx_word' id='word_1_157' title='bbox 307 2417 388 2464; x_wconf 85' lang='lat' dir='ltr'>Arma</span> <span class='ocrx_word' id='word_1_158' title='bbox 399 2415 507 2478; x_wconf 87' lang='lat' dir='ltr'>deosque</span> <span class='ocrx_word' id='word_1_159' title='bbox 518 2421 609 2478; x_wconf 82' lang='lat' dir='ltr'>parant</span> <span class='ocrx_word' id='word_1_160' title='bbox 621 2413 731 2475; x_wconf 89' lang='lat' dir='ltr'>comites,</span> <span class='ocrx_word' id='word_1_161' title='bbox 743 2414 882 2480; x_wconf 85' lang='lat' dir='ltr'>pelagoque</span> <span class='ocrx_word' id='word_1_162' title='bbox 895 2433 1007 2468; x_wconf 88' lang='lat' dir='ltr'>remenso</span> 
     </span>
     <span class='ocr_line' id='line_1_27' title="bbox 308 2495 956 2562; baseline 0.006 -17"><span class='ocrx_word' id='word_1_163' title='bbox 308 2496 433 2562; x_wconf 87' lang='lat' dir='ltr'>Inprovisi</span> <span class='ocrx_word' id='word_1_164' title='bbox 443 2496 557 2545; x_wconf 88' lang='lat' dir='ltr'>aderunt.</span> <span class='ocrx_word' id='word_1_165' title='bbox 590 2495 632 2544; x_wconf 89' lang='lat' dir='ltr'>Ita</span> <span class='ocrx_word' id='word_1_166' title='bbox 642 2495 734 2560; x_wconf 88' lang='lat' dir='ltr'>digerit</span> <span class='ocrx_word' id='word_1_167' title='bbox 744 2497 830 2546; x_wconf 90' lang='lat' dir='ltr'>omina</span> <span class='ocrx_word' id='word_1_168' title='bbox 839 2496 956 2549; x_wconf 83' lang='lat' dir='ltr'>Calchas.</span> 
     </span>
     <span class='ocr_line' id='line_1_28' title="bbox 308 2576 914 2641; baseline 0.005 -16"><span class='ocrx_word' id='word_1_169' title='bbox 308 2577 381 2627; x_wconf 90' lang='lat' dir='ltr'>Hanc</span> <span class='ocrx_word' id='word_1_170' title='bbox 391 2592 437 2641; x_wconf 92' lang='lat' dir='ltr'>pro</span> <span class='ocrx_word' id='word_1_171' title='bbox 447 2576 560 2627; x_wconf 88' lang='lat' dir='ltr'>Palladio</span> <span class='ocrx_word' id='word_1_172' title='bbox 570 2576 666 2636; x_wconf 91' lang='lat' dir='ltr'>moniti,</span> <span class='ocrx_word' id='word_1_173' title='bbox 678 2592 724 2640; x_wconf 93' lang='lat' dir='ltr'>pro</span> <span class='ocrx_word' id='word_1_174' title='bbox 733 2579 835 2627; x_wconf 89' lang='lat' dir='ltr'>numine</span> <span class='ocrx_word' id='word_1_175' title='bbox 845 2578 914 2627; x_wconf 84' lang='lat' dir='ltr'>laeso</span> 
     </span>
     <span class='ocr_line' id='line_1_29' title="bbox 308 2656 892 2723; baseline 0.009 -18"><span class='ocrx_word' id='word_1_176' title='bbox 308 2657 421 2723; x_wconf 80' lang='lat' dir='ltr'>Effigiem</span> <span class='ocrx_word' id='word_1_177' title='bbox 432 2664 551 2720; x_wconf 87' lang='lat' dir='ltr'>statuere,</span> <span class='ocrx_word' id='word_1_178' title='bbox 563 2656 632 2706; x_wconf 82' lang='lat' dir='ltr'>nefas</span> <span class='ocrx_word' id='word_1_179' title='bbox 644 2673 707 2720; x_wconf 85' lang='lat' dir='ltr'>quae</span> <span class='ocrx_word' id='word_1_180' title='bbox 719 2659 792 2706; x_wconf 88' lang='lat' dir='ltr'>triste</span> <span class='ocrx_word' id='word_1_181' title='bbox 802 2659 892 2723; x_wconf 85' lang='lat' dir='ltr'>piaret.</span> 
     </span>
     <span class='ocr_line' id='line_1_30' title="bbox 307 2737 962 2801; baseline 0.006 -14"><span class='ocrx_word' id='word_1_182' title='bbox 307 2740 380 2788; x_wconf 89' lang='lat' dir='ltr'>Hanc</span> <span class='ocrx_word' id='word_1_183' title='bbox 391 2748 474 2788; x_wconf 87' lang='lat' dir='ltr'>tumen</span> <span class='ocrx_word' id='word_1_184' title='bbox 484 2740 621 2801; x_wconf 79' lang='lat' dir='ltr'>inmensam</span> <span class='ocrx_word' id='word_1_185' title='bbox 630 2737 736 2788; x_wconf 87' lang='lat' dir='ltr'>Calchas</span> <span class='ocrx_word' id='word_1_186' title='bbox 747 2739 862 2790; x_wconf 91' lang='lat' dir='ltr'>attollere</span> <span class='ocrx_word' id='word_1_187' title='bbox 872 2742 962 2791; x_wconf 88' lang='lat' dir='ltr'>molem</span> 
     </span>
     <span class='ocr_line' id='line_1_31' title="bbox 308 2818 875 2885; baseline 0.005 -16"><span class='ocrx_word' id='word_1_188' title='bbox 308 2820 452 2885; x_wconf 83' lang='lat' dir='ltr'>Roboribus</span> <span class='ocrx_word' id='word_1_189' title='bbox 461 2820 540 2870; x_wconf 82' lang='lat' dir='ltr'>textis</span> <span class='ocrx_word' id='word_1_190' title='bbox 551 2818 668 2884; x_wconf 84' lang='lat' dir='ltr'>caeloque</span> <span class='ocrx_word' id='word_1_191' title='bbox 679 2820 783 2868; x_wconf 88' lang='lat' dir='ltr'>educere</span> <span class='ocrx_word' id='word_1_192' title='bbox 795 2821 875 2880; x_wconf 88' lang='lat' dir='ltr'>iussit,</span> 
     </span>
    </p>
   </div>
   <div class='ocr_carea' id='block_1_3' title="bbox 1146 556 1149 641">
    <p class='ocr_par' dir='ltr' id='par_1_3' title="bbox 1146 556 1149 641">
     <span class='ocr_line' id='line_1_32' title="bbox 1146 556 1149 641; baseline 0 0"><span class='ocrx_word' id='word_1_193' title='bbox 1146 556 1149 641; x_wconf 81' lang='lat' dir='ltr'>l</span> 
     </span>
    </p>
   </div>
   <div class='ocr_carea' id='block_1_4' title="bbox 0 0 1171 3590">
    <p class='ocr_par' dir='ltr' id='par_1_4' title="bbox 0 0 1171 3590">
     <span class='ocr_line' id='line_1_33' title="bbox 0 0 1171 3590; baseline 0 0"><span class='ocrx_word' id='word_1_194' title='bbox 0 0 1171 3590; x_wconf 95' lang='lat' dir='ltr'> </span> 
     </span>
    </p>
   </div>
  </div>
 </body>
</html>
