2360 3598
308 435 325 476 6
452 428 683 472 ANTHOLOGIA
706 429 849 473 LATINA.

339 524 386 570 Me.
403 521 476 572 Heus
495 523 585 585 hercle,
596 523 694 585 mulier,
712 524 817 574 multum
833 530 858 573 et
873 524 958 573 eudex
972 531 999 574 et

403 602 495 652 meln’s

309 677 366 724 Tun
376 677 421 726 tibi
432 686 573 742 surrupiam
584 678 648 728 hono
659 679 739 727 dicere
750 681 834 739 audes,
844 695 917 742 quam
928 680 990 727 mihi

309 757 386 806 Dedit
396 758 445 806 alis
455 756 553 818 mulier,
564 766 593 807 ut
603 754 795 807 concinnandam
807 759 910 807 darem?

341 837 390 884 Mn.
406 836 477 886 Haut
486 838 548 886 mihi
557 839 666 903 negnbns
677 839 769 887 dudum
781 841 937 903 surrupuisse
946 846 972 887 te
980 859 987 902 3

310 915 382 963 Nune
392 916 494 964 eandem
505 925 562 966 ante
572 918 654 966 oculos
665 919 754 965 attiues
764 917 776 964 ?
798 918 855 966 Non
867 930 891 967 te
900 918 998 981 pudet?

341 999 387 1043 Me.
406 996 505 1055 Quaeso
511 997 601 1058 hercle,
607 997 734 1058 mulier,si
745 999 800 1054 sois,
809 1006 925 1059 monstra,
932 997 999 1061 quod

404 1077 496 1131 bibam,

310 1156 390 1203 Tuom
401 1157 445 1219 qui
455 1157 547 1220 possim
556 1157 652 1220 perpeti
663 1156 830 1221 petulentiam.

310 1233 389 1293 Quem
400 1242 429 1283 tu
438 1237 495 1285 med
505 1237 629 1284 hominem
640 1252 694 1286 esse
704 1237 835 1299 arbitrare,
846 1239 939 1288 nescio:

310 1316 365 1379 Ego
375 1323 425 1364 tete
437 1316 520 1364 simitu
531 1317 588 1365 novi
597 1333 654 1365 oum
664 1317 812 1365 Porthaone.

341 1396 395 1442 Mu.
416 1394 443 1443 Si
453 1410 492 1442 me
503 1396 608 1453 derides,
620 1404 646 1444 st
657 1396 699 1461 pol
708 1396 779 1444 illum
789 1412 838 1445 non
847 1405 925 1461 potes,

313 1472 416 1519 Patrem
425 1488 517 1535 meum,
529 1476 572 1538 qni
582 1475 631 1523 hne
643 1476 748 1523 advenit.
782 1474 849 1533 Quin
859 1476 978 1539 respicis?

314 1551 427 1600 Novistin
438 1558 465 1601 tu
476 1553 562 1602 illum?

342 1634 391 1682 Me.
583 1632 713 1681 Noricum
723 1632 916 1683 Calchasimulz

311 1711 403 1762 Eodem
412 1711 452 1762 die
460 1712 530 1762 illum
539 1712 598 1774 vidi,
609 1729 658 1776 quo
669 1721 694 1761 te
705 1720 763 1762 ante
774 1715 839 1761 huno
850 1714 921 1762 diem.

344 1797 396 1841 Mn.
417 1793 500 1859 Negas
510 1793 607 1841 novisse
618 1792 678 1840 me?
698 1808 775 1858 neges
784 1800 879 1856 petrem
889 1791 990 1840 meum?

342 1878 392 1921 Me·
409 1873 478 1921 ldem
489 1872 572 1921 hercle
583 1873 669 1934 dicem,
679 1874 701 1920 si
712 1887 783 1921 avom
793 1872 831 1920 vis
842 1871 971 1921 ndduoere.

343 1957 395 2001 Mu·
414 1953 518 2002 Ecastor
528 1954 622 2017 pariter
633 1952 678 2000 hoo
689 1958 764 2015 atque
775 1951 836 1999 elios
844 1965 884 1999 res
894 1950 967 1999 soles·

643 2151 668 2185 v.

453 2259 635 2314 Mostellaria:
660 2260 722 2313 Aet.
735 2276 767 2313 11.
780 2276 815 2311 so.
828 2257 855 2310 ii.

522 2389 678 2451 neuropides,
693 2388 787 2434 Tranio.

611 2523 703 2569 Tranio.

314 2717 408 2802 ’Ᾱὲ
416 2732 429 2751 ἦ.
467 2765 509 2810 st.
529 2760 601 2808 Meus
611 2774 691 2807 servos
701 2758 741 2805 hie
752 2755 875 2819 quidemst
884 2752 983 2802 Tranio.

623 2839 645 2887 0
658 2835 836 2912 Theuropides,
