2310 3592
416 410 520 454 OVIDI
524 411 545 454 U
547 410 573 452 S.
804 423 847 456 221

145 504 316 570 consistitque
327 504 415 569 procul
425 524 431 555 ε
448 521 529 569 neque
539 506 606 554 enim
616 504 734 569 propiora
744 501 840 551 ferebat

146 584 262 635 Lumina.
298 586 432 651 Purpurea
442 587 538 636 velatus
548 593 616 635 veste
628 584 730 634 sedebat

148 665 179 714 In
190 666 251 716 solio
262 665 380 716 Phoebus
390 666 465 717 claris
475 667 573 716 lucente
584 666 730 731 zmaragdis.

148 744 175 792 A
185 744 275 794 dextra
286 745 406 809 laevaque
418 744 481 794 Dies
490 753 516 793 et
527 745 623 794 Mensis
634 752 660 793 ct
671 745 762 792 Annus

149 826 303 891 Saeculaque
314 834 340 875 et
350 828 446 892 positae
457 828 544 892 spatiis
555 826 699 891 aequalibus
710 826 803 887 Horae,

148 908 251 972 Verque
262 925 354 958 novum
362 910 446 959 stabsu
456 911 564 959 cinctum
574 909 677 958 florente
688 924 787 969 corona,

148 984 237 1035 Stabat
247 986 315 1035 nuda
326 985 419 1037 Aestas
429 994 455 1035 et
465 989 548 1051 spicea
558 994 625 1036 serta
636 987 747 1051 gerebat,

149 1064 236 1115 Stabat
247 1075 274 1115 et
284 1066 439 1129 Autumnus,
450 1067 551 1117 calcatis
562 1067 675 1137 sordidus
686 1069 749 1128 uvis,

149 1147 183 1196 Et
191 1147 307 1213 glacialis
318 1148 431 1213 Hiemps,
442 1164 517 1198 canos
527 1149 625 1198 hirsuta
635 1148 743 1214 capillos.

717 1244 739 1277 u.
753 1232 816 1277 l·30.

467 1426 536 1463 canl.

432 1541 516 1597 Liber
530 1542 567 1597 iii.

442 1663 563 1719 Cadmus.

276 1796 405 1858 AMQUE
413 1798 555 1847 venenifero
559 1800 765 1865 sauguismanare
769 1798 853 1863 palato

291 1878 416 1944 Coeperat
425 1886 451 1928 et
462 1880 554 1929 virides
568 1881 700 1945 aspergine
710 1881 822 1930 tinxerat

360 1960 452 2010 herbas
463 1981 469 2010 z

152 2043 200 2094 Sed
209 2045 266 2094 leve
277 2043 367 2091 vulnus
378 2049 441 2104 erat,
454 2044 514 2106 quia
525 2059 551 2092 se
561 2043 705 2093 retrahebat
715 2045 747 2093 ab
755 2046 808 2094 »ictu
819 2066 826 2109 3

150 2127 282 2189 laesaque
292 2123 356 2173 colla
366 2123 442 2172 dabat
451 2131 526 2182 retro,
536 2124 686 2190 plagamque
697 2125 782 2174 sedere

151 2205 269 2256 Cedendo
279 2204 387 2264 arcebat,
398 2220 443 2253 uec
453 2204 552 2270 longius
562 2206 599 2254 ire
611 2206 723 2255 sinebat:

151 2285 237 2337 Donec
248 2285 408 2351 Agenorides
418 2287 556 2335 coniectum
567 2288 594 2334 in
601 2293 704 2352 gutture
714 2288 807 2336 ferrum
854 2336 857 2349 ,

151 2366 239 2431 Usque
250 2382 358 2431 sequens
366 2369 466 2431 pressit,
476 2366 536 2416 dum
547 2375 616 2417 retro
627 2383 734 2431 quercus
744 2372 813 2418 eunti

152 2448 266 2511 Obstitit,
277 2454 304 2497 et
314 2447 367 2497 fixa
376 2455 415 2497 est
425 2450 519 2513 pariter
529 2464 587 2497 cum
597 2449 686 2498 robore
696 2451 789 2499 cervix.

152 2529 270 2581 Pondere
281 2531 404 2594 serpentis
416 2536 567 2579 curvatsest
577 2530 661 2593 arbor,
671 2532 770 2580 etimne

152 2610 228 2660 Parte
237 2610 360 2676 flagellari
371 2613 466 2677 gemuit
475 2627 521 2661 sua
531 2612 623 2661 robora
632 2612 734 2663 caudae.

153 2691 222 2739 Dum
232 2692 342 2755 spatium
352 2690 430 2739 victor
442 2692 501 2740 victi
510 2690 650 2739 considerat
660 2691 748 2749 hostis,

154 2773 215 2822 Vox
226 2773 310 2822 subito
320 2773 407 2821 audita
416 2782 470 2837 est,
488 2789 568 2837 neque
579 2781 633 2822 erat
643 2789 789 2838 cognoscere

249 2861 395 2920 promptum
