2310 3592
372 410 612 453 rnorrerws
802 409 851 470 1s9t

143 504 182 554 At
193 513 233 567 tu,
243 508 287 554 vix
297 507 391 572 prirpcs
402 506 524 555 extollens
535 508 636 572 gurgite
646 505 751 571 palmos,

175 587 257 652 Saepe
267 603 349 637 meum
361 604 452 637 nomen
464 589 514 637 ism
525 590 639 653 perituro
649 603 729 637 vocas.

144 668 219 728 Quod
229 671 252 718 si
261 669 326 718 forte
337 677 395 718 tuos
405 670 507 718 vidisset
518 669 630 719 Glaucus
640 670 739 730 ocellos,

175 748 253 798 Fsses
264 750 328 798 Ionii
340 750 407 799 facta
416 750 499 815 puella
509 753 594 813 maris,

144 829 178 879 Et
189 832 237 879 tibi
249 831 281 880 ob
292 831 411 880 invidiam
422 830 542 881 Nereides
554 834 739 897 increpitarent,

175 911 291 961 Candida
303 912 409 974 Nesaei,
420 914 520 962 coerula
530 912 678 979 Cymothoe

146 992 195 1043 Sed
206 995 253 1043 tibi
265 994 376 1044 subsidio
387 994 529 1059 delphinum
541 1011 641 1044 currere
652 995 712 1056 ridi,

175 1075 237 1135 Qui,
248 1084 319 1140 puto,
329 1076 461 1125 Arionium
470 1085 573 1124 vexerat
583 1084 641 1125 ante
651 1075 741 1141 lyram.

144 1155 249 1221 lamque
260 1172 307 1221 ego
318 1156 425 1205 conabar
437 1172 533 1205 summo
543 1172 582 1205 me
593 1158 692 1206 mittere
703 1172 773 1215 saxo,

175 1237 241 1287 Cum
252 1237 313 1286 mihi
324 1237 440 1287 discussit
449 1237 510 1287 talia
520 1240 573 1286 visa
583 1247 671 1287 metus.

241 1336 257 1363 1
354 1337 368 1365 1
467 1337 481 1365 1
579 1337 593 1365 1
693 1337 707 1365 1

146 1398 194 1448 Seu
206 1415 277 1449 mure
287 1416 332 1465 per
342 1400 444 1465 longum
455 1416 511 1450 mes
518 1401 610 1466 cogitet
618 1401 655 1449 ire
663 1400 756 1465 puelle,

175 1480 250 1529 Hanc
263 1496 354 1544 sequor
363 1488 389 1530 et
400 1481 463 1530 fidos
473 1497 524 1529 una
536 1490 595 1547 aget
605 1496 668 1529 aurs
676 1481 747 1531 duos.

144 1561 230 1611 Unum
242 1563 302 1612 litus
314 1563 362 1612 erit
371 1565 467 1628 sopitis,
477 1580 577 1628 unoque
589 1571 656 1612 tecto

174 1643 271 1705 Arbor,
281 1652 308 1693 et
318 1660 350 1693 ex
361 1660 412 1692 unc
423 1660 496 1709 saepe
507 1644 619 1693 bibemus
630 1659 704 1708 uque,

143 1725 176 1774 Et
187 1724 273 1774 tabula
283 1740 334 1772 unc
345 1725 509 1790 duospoterit
520 1740 666 1789 componere
677 1733 798 1787 umentes,

174 1804 257 1854 Prors
267 1806 348 1855 cubile
359 1800 429 1870 mihi,
440 1822 484 1855 seu
495 1807 555 1855 mihi
566 1807 656 1871 puppis
667 1808 722 1855 erit.

144 1888 235 1936 Omnia
245 1888 372 1952 perpetiar
381 1908 388 1953 3
407 1903 494 1937 saevus
504 1888 563 1937 licet
572 1895 662 1952 urgeat
672 1887 764 1946 Eurus,

174 1969 291 2033 Velaque
301 1970 327 2017 in
338 1971 460 2019 incertum
473 1968 581 2035 frigidus
591 1970 690 2018 Auster
700 1977 770 2034 agot,

143 2049 319 2114 Quotcumque
329 2058 355 2099 et
365 2051 433 2099 venti
442 2051 560 2099 miserum
571 2051 682 2098 vexastis
693 2050 796 2112 Ulixen,

175 2131 210 2179 Et
221 2129 339 2179 Densum
349 2130 459 2181 Euboico
470 2131 542 2180 litore
552 2131 621 2178 mille
631 2139 707 2191 rates,

142 2211 177 2260 Et
187 2212 231 2276 qui
241 2212 354 2261 movistis
363 2212 413 2261 duo
422 2212 506 2274 litora,
515 2227 571 2261 cum
582 2212 651 2260 rudis
662 2215 750 2278 Argus

175 2293 236 2341 Dux
246 2300 302 2342 erat
312 2294 398 2358 ignoto
408 2294 485 2342 missa
495 2292 610 2343 columba
619 2295 683 2342 mari
692 2314 699 2359 3

143 2372 190 2422 Illa
200 2376 263 2422 meis
274 2382 372 2422 tantum
385 2389 435 2424 non
447 2390 564 2440 umquam
575 2375 639 2423 desit
650 2376 742 2437 ocellis,

175 2454 297 2504 Incendut
307 2470 396 2503 navem
405 2455 520 2521 Iuppiter
530 2458 584 2520 ipse
595 2456 660 2507 licet.

142 2535 216 2585 Certe
226 2536 305 2585 isdem
315 2536 377 2585 nudi
387 2538 482 2601 pariter
492 2538 641 2587 iactabimur
651 2541 715 2589 oris:

174 2616 218 2665 Me
225 2616 285 2665 licet
296 2617 364 2665 undu
376 2617 450 2680 ferat,
462 2626 488 2668 te
498 2620 572 2668 modo
582 2627 651 2669 terra
662 2630 738 2687 teget.

142 2695 192 2744 Sed
201 2713 252 2746 non
263 2696 398 2763 Neptunus
409 2707 479 2748 tanto
489 2699 596 2748 crudelis
607 2703 695 2764 umori,

176 2776 311 2842 Neptunus
321 2776 395 2828 fratri
405 2795 451 2844 pur
463 2781 489 2829 in
499 2795 584 2828 amore
594 2780 657 2829 Iovi.

482 2862 716 2927 E1e9.xviii,1·20;
733 2871 814 2916 rece.
