2304 3590
296 418 345 473 316
442 413 676 459 rnnuonoom
696 415 844 459 terrun.

295 505 352 567 Qua
364 514 458 557 etentes
468 508 566 572 ardent,
576 511 619 574 qui
630 510 681 558 fixo
691 520 791 575 pectore
800 510 907 572 fument,

300 584 334 633 Et
344 583 422 634 latum
432 587 514 636 media
524 587 620 637 sulcum
632 588 733 652 deducit
745 589 859 639 herena!

298 664 348 724 Qui
359 665 427 716 dedit
436 683 497 734 ergo
507 669 588 719 tribue
598 671 696 735 patruis
706 672 814 732 aconita,
825 669 930 719 vehatur

298 746 439 798 Peneilibue
451 751 543 815 plumis
555 759 631 816 atque
641 751 709 801 illinc
721 752 842 817 despiciet
852 765 898 799 noe
906 748 951 798 l-

297 828 379 879 ‘Cum
390 833 471 880 veniet
482 840 578 893 contra,
589 833 669 898 digito
679 849 807 898 compesce
817 830 950 881 lebellumt

297 912 438 961 Accusator
446 915 495 962 crit
504 915 549 977 qui
559 913 663 964 verbum
674 913 781 964 diruerit:
798 915 805 940 ‘
816 913 857 962 hic
867 912 923 962 est?

298 993 405 1042 Seourtm
417 994 474 1042 licet
487 996 589 1043 Aenean
601 993 772 1058 Rutulumque
782 994 891 1043 ferocem

299 1074 455 1136 committas,
465 1074 527 1125 nulli
538 1077 622 1142 pavie
633 1084 672 1125 est
680 1090 813 1142 percussus
826 1072 946 1134 Achilles,

299 1155 354 1204 Aut
365 1157 470 1205 multum
481 1159 608 1222 quaesitus
619 1157 701 1223 Hylae
712 1171 851 1223 urnamque
863 1164 967 1205 secutus.

299 1235 366 1286 Ense
377 1238 444 1286 velut
454 1240 541 1288 stricto
551 1240 649 1302 quoties
659 1235 770 1288 Lucilius
781 1237 873 1288 ardena

299 1317 441 1381 Infremuit,
452 1320 525 1370 rubet
536 1320 643 1380 auditor,
654 1321 694 1369 cui
704 1319 797 1385 frigida
807 1334 877 1368 mens
887 1325 926 1367 est

299 1398 460 1462 Criminibus,
470 1402 546 1451 tacita
557 1400 648 1450 sudant
657 1399 803 1466 praecordia
812 1399 894 1465 culpa

298 1480 361 1530 Inde
373 1483 425 1530 irae
436 1490 462 1530 et
471 1482 595 1532 lacrimae.
630 1480 724 1531 Tecum
734 1482 806 1546 priua
815 1496 877 1546 ergo
886 1478 970 1528 volutu

301 1561 371 1611 Haec
382 1563 465 1612 auimo
476 1571 534 1612 ante
545 1563 634 1613 tubae:
654 1562 780 1629 galeatum
793 1577 849 1612 sero
858 1560 936 1610 duelli

301 1642 597 1709 Poenitet'-Expcriar,
607 1643 669 1708 quid
679 1642 830 1694 concedetur
841 1644 868 1692 in
878 1642 943 1704 illos,
958 1654 961 1658 ’

302 1724 415 1784 Quorum
426 1726 552 1776 Flaminia
561 1726 655 1792 tegitur
666 1725 729 1775 cinis
740 1733 816 1789 atque
826 1723 927 1773 Letiua.

701 1810 753 1857 sat.
764 1807 781 1855 i.
815 1825 838 1857 v.
854 1810 967 1857 147-171.

588 1996 706 2033 coxnvn.

553 2077 727 2133 Domitianam.

397 2465 480 2502 arcem

303 2534 428 2584 Traxerat
437 2534 558 2584 attonitos
568 2538 595 2581 et
605 2530 724 2580 festinare
735 2536 843 2586 coactos,

302 2616 441 2680 Tamquam
452 2615 483 2664 de
494 2614 577 2665 Cattis
588 2612 682 2677 aliquid
690 2611 818 2675 torvisque
828 2609 972 2676 Sycambrie

301 2697 432 2759 Dicturus,
442 2704 571 2760 tamquam
581 2703 607 2744 et
617 2694 722 2744 diversis
731 2691 848 2759 partibus
857 2691 926 2741 orbis

301 2776 389 2827 Anxia
399 2778 531 2843 praecipiti
541 2778 648 2826 venisset
658 2774 763 2840 epistola
772 2774 860 2839 pinna.

332 2857 420 2922 Atque
430 2860 526 2908 utinam
536 2858 575 2907 his
586 2858 668 2923 potius
677 2856 752 2921 nugis
764 2860 818 2905 tota
829 2853 873 2904 illa
883 2852 990 2904 dedisset
