2304 3590
333 433 381 477 310
479 417 713 460 annnorum
739 417 884 459 namna

431 511 523 562 Ridere
534 522 579 562 aut
589 512 668 562 violae
678 522 764 578 patore
774 522 885 579 possunt.

429 593 505 643 Fines
516 609 572 643 mus
583 594 717 658 populatur
726 603 752 643 et
762 595 849 644 colono

429 673 562 739 Tanquam
573 691 615 725 sus
624 675 776 740 Calydonius
788 677 899 736 timetur,

428 755 463 804 Et
473 756 571 807 sublata
582 758 687 807 volantis
697 774 781 823 ungue
791 757 903 823 Prognes

429 836 461 886 Iu
472 837 531 886 nido
542 854 613 903 seges
622 845 662 888 est
672 838 848 905 hirundinin03

429 919 487 968 Non
497 926 536 968 est
545 918 648 968 dimidio
658 919 727 969 loous
738 920 837 984 Priapo.

430 999 485 1048 Vix
494 999 582 1064 implet
590 999 715 1049 cochleam
726 1010 828 1065 pernota
838 1001 924 1050 messis

429 1080 462 1130 Et
472 1089 582 1129 mustum
591 1097 654 1130 nuoe
664 1081 794 1131 condimus
804 1082 893 1146 picata

429 1163 535 1221 Errasti,
544 1161 624 1227 Lupe,
635 1162 719 1212 littera
730 1163 772 1212 sed
784 1178 842 1212 una.

429 1243 494 1292 Nam
506 1259 556 1308 quo
566 1251 677 1308 tempore
688 1243 819 1308 praedium
830 1243 928 1300 dedisti,

430 1324 533 1373 Mollem
545 1333 573 1372 tu
583 1325 644 1373 mihi
654 1323 787 1388 prandium
799 1324 916 1373 dedisses.

819 1409 871 1455 Lib.
885 1406 920 1454 xi.
931 1404 995 1453 xviii.

625 1567 754 1604 CCXXXVI.

480 1676 523 1730 De
534 1678 619 1747 nortis
630 1675 775 1729 Marcellae
788 1679 884 1730 amoris.

426 2059 514 2108 aquae,

327 2124 462 2188 Prataque,
473 2140 518 2173 neo
529 2123 608 2172 bifero
618 2139 718 2173 cessura
728 2125 824 2173 rosaria
835 2124 935 2183 Paesto,

361 2205 483 2270 Quodque
492 2206 555 2254 viret
567 2204 623 2253 Iani
631 2219 725 2266 mense,
737 2220 782 2253 neo
794 2205 864 2271 alget
873 2206 941 2271 olus3

330 2286 449 2352 Quaeque
459 2293 530 2337 natat
540 2285 615 2335 elusis
627 2286 737 2351 anguulla
747 2286 883 2337 domestica
893 2287 1005 2353 lymphis,

360 2368 481 2434 Quaeque
491 2368 557 2434 gerit
567 2367 660 2416 similes
670 2365 777 2417 candida
789 2369 869 2418 turris
879 2384 953 2419 aves:

328 2452 436 2501 Munera
447 2456 505 2499 sunt
515 2447 643 2498 dominae:
660 2455 717 2512 post
727 2450 833 2513 septima
843 2448 922 2499 lustra
933 2463 1024 2499 reverso

362 2533 417 2584 Hos
427 2529 550 2581 Marcella
559 2530 625 2579 lares
635 2544 763 2594 parvaque
772 2545 852 2596 regna
862 2531 937 2582 dedis

329 2615 355 2663 Si
366 2615 428 2664 mihi
439 2612 564 2663 Nausicaa
573 2611 668 2675 patrios
678 2610 823 2660 concederet
834 2611 929 2673 hortos,

360 2695 466 2744 Alcinoo
477 2706 575 2758 possem
586 2691 677 2748 dicere,
689 2692 696 2718 ‘
708 2689 780 2740 Malo
790 2693 878 2741 meos.'

789 2775 843 2824 La.
858 2787 908 2824 xu.
921 2772 990 2822 xxxi.
