2320 3590
315 397 359 430 122
452 375 687 421 ANTHotoan
713 375 861 417 LATINA.

313 474 344 522 ln
355 479 453 522 tuntum
463 487 507 536 ape
518 469 590 522 tollet
600 486 669 533 avos,
682 485 728 519 nec
738 468 848 518 Romula
858 466 981 532 quondam

313 554 373 604 Ullo
381 570 408 603 se
418 561 517 603 tantum
528 553 601 603 tellus
611 551 715 601 iactabit
727 549 837 598 alumno.

314 637 371 686 Heu
382 637 472 702 pietas,
483 635 533 684 beu
544 636 627 698 prisca
637 634 708 695 fides,
719 633 861 695 invictaque
869 630 935 679 bello

314 719 440 767 Dextera!
457 733 508 767 non
518 717 556 765 illi
566 732 592 766 se
603 717 736 780 quisquam
746 715 839 778 inpune
849 712 947 761 tulisset

315 800 409 848 Obvius
420 806 526 860 armam,
536 813 581 847 seu
592 813 649 846 cum
660 795 736 860 pedes
748 796 797 843 iret
808 795 834 842 in
845 793 950 849 hostem,

315 882 366 930 Seu
377 881 515 945 spumantis
525 879 583 940 equi
595 877 692 926 foderet
702 876 842 926 calcaribus
853 889 944 924 armos,

317 962 383 1018 Heu,
395 959 534 1009 miserande
545 959 625 1023 puer!
642 959 665 1006 si
675 973 725 1022 qua
737 956 791 1006 fata
801 971 891 1020 aspera
901 968 1009 1018 rumpas,

316 1042 357 1091 Tu
368 1040 502 1090 Marcellus
513 1041 569 1088 eris.
603 1038 722 1087 Manibus
734 1037 792 1086 date
802 1037 855 1085 lilia
865 1036 956 1101 plenis,

317 1124 459 1187 Purpureos
471 1137 587 1186 spargam
597 1118 679 1180 flores,
691 1120 849 1183 animamque
859 1117 956 1182 nepotis

318 1205 366 1253 His
376 1203 464 1252 saltem
472 1201 629 1251 adcumulem
640 1201 719 1259 donis,
727 1208 753 1249 et
764 1200 857 1264 iungar
868 1199 937 1247 inani

318 1286 467 1334 Munere-
832 1297 857 1329 v.
871 1283 987 1332 iii-886.

631 1487 709 1523 xcm.

521 1597 658 1650 Aeneidos.
695 1593 755 1647 Lib.
772 1592 817 1646 vii.

600 1703 745 1756 Tiberiana

352 1826 355 1840 t
398 1829 399 1833 =
445 1802 578 1863 AMQUE
595 1800 743 1851 rubescebat
758 1797 835 1846 radiis
850 1813 929 1858 mare,
945 1802 972 1846 et
988 1811 1024 1844 ae·

526 1884 596 1934 there
607 1883 640 1931 ab
651 1882 702 1930 alto

324 2054 389 2105 Cum
400 2053 471 2102 venti
482 2063 598 2115 posuere,
607 2047 737 2110 omnisque
751 2050 855 2107 repente
866 2041 962 2090 resedit

325 2135 421 2192 Fletus,
433 2140 459 2182 et
470 2133 496 2181 in
507 2130 575 2178 lento
585 2129 712 2176 luctantur
723 2139 846 2173 marmore
857 2130 955 2171 tonsae.

325 2218 411 2280 Atque
421 2216 461 2263 hic
473 2213 574 2261 Aeneas
585 2211 713 2275 ingentem
724 2222 757 2256 ex
768 2221 876 2270 aequore
887 2204 972 2252 lucum

325 2298 456 2363 Prospicit
491 2295 566 2343 Hunc
577 2293 643 2340 inter
653 2289 729 2338 fluvio
740 2287 876 2337 Tiberinus
887 2301 998 2344 amoeno,

326 2376 471 2426 Verticibus
481 2372 586 2438 rapidis,
600 2379 626 2420 et
634 2369 714 2418 multa
724 2367 804 2415 flavus
815 2381 901 2427 arena,

326 2461 357 2510 In
368 2475 437 2509 mere
446 2456 595 2523 prorumpit.
631 2452 727 2502 Variae
738 2450 880 2511 circumque
891 2461 1013 2512 supraque

327 2543 454 2591 Adsuetas
465 2540 527 2604 ripis
537 2536 649 2585 volucres
659 2540 685 2582 et
694 2531 804 2581 fluminis
815 2528 886 2578 alveo

328 2623 441 2673 Aethera
450 2619 591 2670 mulcebant
602 2623 684 2671 cantu,
695 2614 799 2677 lucoque
809 2610 934 2660 volabant

329 2705 441 2754 Flectere
452 2704 501 2752 iter
511 2700 584 2750 sociis
595 2706 727 2760 terraeque
738 2694 868 2743 advertere
878 2706 968 2756 proras

330 2786 441 2850 Inperat,
452 2792 479 2833 et
489 2782 569 2831 laetus
580 2779 657 2828 fluvio
666 2775 775 2827 succedit
786 2788 869 2839 opaco.

886 2869 910 2903 v.
921 2857 1000 2903 25456.
