2320 3590
337 419 380 464 ¹4²
477 397 711 441 Aurnonoem
738 398 883 440 narius.

397 492 447 551 Tu,
457 491 551 541 frustra
561 493 626 557 pius,
637 490 686 539 heu
696 506 746 540 non
756 492 793 541 ita
803 491 921 541 creditum

430 576 515 624 Poscis
526 574 675 634 Quintilium
686 573 754 624 deos.

398 655 465 716 Quid
476 657 498 705 si
509 655 626 703 Threicio
636 654 751 704 blandius
762 655 863 719 Orpheo

397 737 518 787 Auditam
528 736 655 785 moderere
666 736 797 786 arboribus
808 737 900 786 iidem?

399 818 423 866 N
424 833 467 866 um
477 831 554 865 venue
563 815 649 865 redeat
659 816 761 881 sanguis
773 817 882 882 imagini,

429 898 511 958 Quam
522 898 593 963 virga
604 897 680 946 semel
689 897 800 960 horrida,

398 980 455 1029 Non
466 979 528 1029 lenis
538 979 653 1044 precibus
663 982 716 1028 fata
725 979 863 1042 recludere,

397 1061 477 1126 Nigro
486 1060 632 1124 compulerit
643 1060 784 1109 Mercurius
795 1061 886 1127 gregi?

396 1143 508 1191 Durum:
526 1141 569 1191 sed
578 1141 657 1190 levius
667 1142 696 1190 lit
707 1142 836 1206 patientia,

430 1224 555 1289 Quicquid
565 1225 691 1289 corrigere
702 1231 740 1273 est
751 1224 827 1274 nefas.

928 1304 990 1352 xxiv.

652 1524 715 1560 cvn.

598 1631 746 1703 Cleopatra.

345 1770 363 1844 J
379 1800 387 1824 i
462 1779 531 1829 UNG
542 1786 580 1828 est
592 1778 733 1836 bibendum,
744 1794 811 1828 nunc
821 1779 884 1843 pede
894 1780 969 1829 libero

373 1843 385 1884 ⁵
397 1884 416 1927 s
436 1882 441 1932 ς
476 1860 601 1909 Pulsanda
612 1859 693 1920 tellus,
705 1875 770 1909 nunc
780 1860 911 1909 saliaribus

396 1977 403 2000 i
436 1937 455 1994 l,
477 1942 574 1992 Oruare
584 1940 698 2005 pulvinar
709 1940 810 1990 deorum

525 2023 634 2088 Tempus
644 2030 700 2071 erat
710 2022 823 2086 dapibus,
833 2024 933 2073 sodales

398 2187 515 2236 Antehac
526 2185 596 2235 nefas
606 2185 750 2249 depromere
761 2184 903 2235 Caecubum

401 2268 477 2319 Cellis
488 2268 569 2329 avitis,
581 2266 640 2315 dum
651 2265 776 2331 Capitolio

464 2350 560 2415 Regina
570 2348 692 2397 dementis
702 2348 797 2404 ruinas,

527 2431 614 2479 Funus
624 2437 650 2479 et
661 2431 765 2495 imperio
775 2430 880 2494 parabat

400 2594 575 2644 Contaminato
585 2607 642 2642 cum
652 2608 729 2658 grege
739 2594 849 2657 turpium

399 2673 490 2723 Morbo
501 2676 619 2736 virorum,
631 2674 752 2738 quidlibet
762 2675 883 2739 impotens

465 2756 570 2821 Sperare
582 2756 730 2820 fortunaque
740 2756 807 2806 dulci

528 2837 605 2886 Ebria
616 2857 623 2888 z
640 2837 683 2886 sed
693 2838 783 2888 minuit
794 2837 903 2888 furorem
