2304 3590
378 396 588 441 rurrurnrs.
791 416 838 459 319

134 487 268 554 Seiannm3
285 505 344 538 nam
356 491 400 554 qui
411 491 501 540 nimios
512 492 615 556 optabat
625 492 733 542 honores

133 568 167 616 Et
177 569 269 618 nimias
280 569 398 633 poscebat
409 585 478 634 opes,
489 586 623 620 numerosa
634 572 741 636 parabat

133 649 255 699 Excelsae
265 652 343 699 turris
354 651 477 714 tabulata,
488 652 554 701 unde
565 652 640 702 altior
650 662 716 703 esset

135 729 215 780 Casus
227 738 254 781 et
263 732 386 796 impulsae
397 748 517 798 praeceps
527 735 635 783 immane
646 736 741 783 ruinae.

135 808 202 868 Quid
212 808 326 872 Crassos,
337 811 398 873 quid
409 810 541 876 Pompeios
551 813 649 868 evertit,
661 820 686 861 et
696 811 775 870 illum,

135 885 178 934 Ad
189 902 236 936 sna
246 888 291 951 qui
302 887 409 936 domitos
421 887 527 937 deduxit
536 887 618 954 flagra
630 888 763 949 Quirites?

134 965 252 1016 Summus
262 983 351 1032 nempe
362 967 431 1017 locus
441 968 510 1017 nulla
518 984 570 1018 non
581 977 635 1018 arte
645 971 747 1034 petitus,

134 1046 278 1112 Magnaque
290 1049 434 1098 numinibus
445 1057 503 1099 vota
512 1050 632 1099 exaudita
642 1050 766 1116 malignis.

135 1129 176 1176 Ad
187 1145 309 1194 generum
321 1129 420 1179 Cereris
430 1132 484 1180 sine
495 1131 570 1181 caede
581 1147 611 1180 ac
622 1132 724 1181 vulnere
734 1134 807 1197 pauci

134 1209 296 1260 Descendunt
306 1227 377 1276 reges
388 1220 414 1260 et
424 1215 489 1262 sicca
499 1222 579 1262 morte
590 1215 699 1276 tyranni.

548 1295 598 1343 Sat.
609 1310 635 1343 x.
672 1310 696 1342 v.
709 1300 805 1344 90413.

465 1479 520 1520 cce:

205 1587 240 1651 μή
251 1606 295 1651 μοι
306 1586 396 1651 γένοιθ’
408 1590 425 1635 ἃ
435 1584 542 1650 βούλομ’
553 1585 609 1636 ἀλλ’
621 1590 638 1636 ἃ
649 1589 772 1653 συμφέρει.

670 1676 797 1717 Manassen.

148 1756 166 1830 'J
179 1830 186 1848 λ
197 1778 220 1822 ‘r‘
269 1773 306 1823 IL
313 1789 375 1839 ergo
382 1773 505 1838 optabunt
512 1773 625 1823 homines
631 1773 705 1822 ?-Si
712 1776 840 1825 consilium

179 1908 187 1917 Ἀ
248 1863 259 1930 f
350 1856 397 1917 vis,
691 1844 693 1851 ’

144 1931 148 1979 ’ἱ
196 1909 262 1986 39)
284 1937 418 1986 Permittes
429 1937 490 2001 ipsis
500 1935 640 2001 expendere
650 1938 803 1999 numinibus,

234 2012 295 2076 quid
445 2066 447 2070 ,

137 2095 275 2144 Conveniat
286 2092 357 2141 nobis
369 2092 493 2155 rebusque
505 2093 539 2141 sit
550 2091 612 2141 utile
623 2094 722 2143 nostris.

137 2175 203 2224 Nam
215 2191 262 2239 pro
273 2174 387 2223 iucundis
398 2174 528 2238 aptissima
538 2189 652 2238 quaeque
663 2173 759 2225 dabunt
769 2175 802 2224 di.

137 2254 226 2306 Carior
237 2263 275 2305 est
285 2255 335 2304 illis
345 2255 428 2316 homo,
439 2270 514 2318 quam
526 2255 582 2304 sibi.
615 2254 669 2304 Nos
681 2257 820 2307 animorum

137 2337 251 2402 Impulsu
261 2344 287 2385 ct
297 2351 370 2385 caeca
380 2350 521 2400 magnaque
532 2335 648 2401 cupidine
659 2335 727 2385 ducti

137 2418 290 2483 Coniugium
303 2418 408 2482 petimus
419 2423 569 2480 partumque
579 2417 681 2481 uxoris3
699 2425 726 2467 at
734 2417 784 2466 iilis

138 2499 243 2556 Notum,
253 2498 298 2562 qui
310 2498 382 2563 pueri
393 2497 523 2562 qualisque
534 2496 620 2546 futura
631 2499 664 2546 sit
673 2513 744 2547 uxor.

140 2581 175 2629 Ut
186 2589 270 2629 tamen
281 2588 306 2628 eu
318 2595 406 2643 poscas
417 2579 520 2645 aliquid,
530 2595 670 2643 voveasque
682 2580 777 2628 sacellis

139 2661 206 2711 Exta
216 2670 242 2710 et
252 2660 379 2710 candiduli
389 2660 473 2709 diviua
483 2659 607 2709 tomacula
616 2661 694 2724 porci,

139 2743 267 2792 Orandnm
280 2750 328 2804 est,
340 2749 368 2790 ut
379 2743 412 2791 sit
422 2757 493 2790 mens
505 2757 566 2790 sana
577 2742 604 2791 in
615 2755 720 2806 corpore
732 2758 800 2791 sano.

139 2824 240 2875 Fortem
251 2839 326 2888 posce
338 2823 456 2881 animum,
466 2823 553 2872 mortis
563 2829 659 2871 terrore
669 2832 802 2884 carentem,
