2310 3592
322 411 369 459 204
466 400 710 444 Auruonocrr.
726 401 872 445 currus.

320 478 468 543 Et‘nimium
478 490 750 562 remis‘audentpproh
762 489 956 562 turpeIutiuia'
971 506 975 515 ’
1001 493 1006 502 ’

353 573 468 645 Principe
480 584 513 640 te,
522 577 762 643 fluctusregia'vela
772 574 840 643 pati!

321 657 374 706 Nec
382 665 417 720 te,
428 660 495 722 quod
504 660 589 710 classis
599 663 710 711 centenis
720 662 825 727 remiget
835 661 892 724 alis,

352 737 470 790 Torreatz
487 742 566 791 invito
576 742 725 797 labiturilla
735 745 807 792 mari.
878 771 881 777 ·

321 818 443 885 Quodque
451 822 545 872 vehunt
552 840 641 889 prorae
650 824 800 874 Centaurica
807 841 870 875 saxa
876 822 1008 887 minantisf

354 901 437 968 Tigna
446 920 508 953 cava
518 912 544 953 et
557 906 634 969 pictos
645 907 773 970 experiere
783 913 875 955 metus.

320 983 428 1049 Frangit
437 992 464 1034 et
471 985 567 1036 'attollit
576 987 641 1035 vires
653 988 680 1035 in
690 985 769 1036 milite
779 1003 869 1052 causa3

353 1065 424 1126 Quae
434 1067 560 1116 nisiiusta
571 1067 669 1131 subest·
676 1069 772 1117 excutit
781 1083 852 1117 arma
862 1068 949 1133 pudor.

321 1143 643 1213 Tempusadest,committe
649 1147 1005 1215 rates'regotemporisauctor'

353 1228 451 1277 Ducam
460 1229 587 1296 laurigera
596 1229 663 1279 Iulia
672 1237 756 1279 rostra
766 1232 860 1279 manu?
883 1264 885 1269 «

321 1310 473 1373 Dixerat,·et
483 1309 721 1376 pharetraepondus
731 1313 855 1360 consumit
865 1313 891 1361 in
902 1328 986 1362 arcum
1006 1310 1009 1317 “

352 1391 472 1441 Proxima
482 1400 539 1457 post
550 1408 622 1443 arcus
632 1392 749 1442 Caesaris
760 1393 834 1442 hasta
844 1393 899 1443 fuit
937 1409 941 1413 ·
962 1428 964 1431 v
1034 1392 1038 1403 '

320 1472 408 1522 Vincit
418 1473 498 1522 Remu
508 1473 557 1522 fide
567 1473 662 1523 Phoebi
671 1493 678 1538 3
695 1474 739 1523 dat
749 1475 842 1524 femina
851 1491 943 1540 poenas
953 1495 959 1535 5
1006 1494 1010 1499 ’

354 1554 458 1621 Sceptra
467 1572 512 1621 per
524 1551 608 1605 Ionias
619 1552 836 1606 fracta'vehuntur
845 1573 931 1622 aquas.

321 1639 359 1686 At
370 1646 442 1702 pater
451 1637 532 1687 Idalio
542 1640 648 1687 miratur
660 1637 754 1687 Caesar
765 1639 797 1688 ab
808 1646 891 1689 astro:
938 1652 940 1657 ⁴

352 1721 360 1746 ‘
370 1718 431 1768 Sum
441 1719 510 1782 deus,
521 1726 547 1769 st
557 1721 637 1768 nostri
647 1715 775 1785 sanguinis
785 1714 921 1770 ista'fides'

320 1801 484 1865 Prosequitur
493 1809 569 1850 cantu
580 1801 679 1858 Triton,
689 1803 824 1865 omnesque
834 1804 945 1851 marinae

352 1882 503 1932 Plauserunt
512 1885 579 1932 circa
588 1883 668 1932 libera
680 1883 752 1948 signa
762 1882 831 1932 deae.

319 1964 367 2013 Illa
377 1965 441 2028 petit
452 1964 539 2014 Nilum
550 1965 642 2030 cymba
652 1965 717 2013 male
727 1965 788 2014 nixa
799 1965 893 2030 fugaci,

353 2046 408 2095 Hoc
418 2062 505 2103 unum,
518 2047 585 2096 iusso
597 2062 647 2094 non
658 2048 780 2096 moritura
791 2047 839 2096 die.

320 2129 354 2178 Di
365 2122 466 2178 melius:
483 2125 591 2192 quantus
602 2127 691 2177 mulier
702 2127 767 2176 foret
777 2144 827 2177 una
838 2129 984 2193 triumphus,
1005 2143 1008 2147 ·

352 2212 450 2260 Ductus
460 2218 515 2259 erat
524 2226 570 2275 per
581 2226 643 2274 quas
653 2208 712 2258 ante
722 2209 847 2275 Iugurtha
857 2212 917 2260 vias.

320 2294 410 2341 Actius
421 2292 479 2341 hinc
490 2293 569 2341 traxit
580 2291 696 2341 Phoebus
707 2288 874 2350 monumenta,
886 2292 951 2357 quod
960 2293 1009 2341 eius

354 2375 411 2424 Una
422 2376 505 2424 decem
516 2375 575 2424 vicit
586 2374 662 2423 missa
673 2375 766 2439 sagitta
776 2382 851 2423 rates.

319 2457 390 2506 Bella
401 2458 462 2506 satis
470 2457 559 2506 cecini:
576 2456 699 2504 citharam
710 2457 760 2504 iam
771 2458 852 2520 poscit
862 2456 952 2521 Apollo

353 2539 451 2595 Victor,
462 2544 488 2587 et
499 2537 530 2586 ad
541 2536 650 2601 placidos
661 2538 732 2586 exuit
742 2552 812 2585 arma
822 2537 920 2587 choros,

320 2619 434 2670 Candida
444 2635 510 2668 nunc
521 2619 588 2667 molli
600 2618 705 2667 subeant
714 2619 828 2667 convivia
839 2618 904 2680 luco,

352 2701 541 2766 Blanditiaequc
551 2694 630 2749 fluant
639 2716 685 2765 per
695 2715 751 2748 mea
762 2699 826 2748 oolla
836 2715 907 2749 rosae
916 2720 923 2766 3

319 2776 437 2847 Vinaque
448 2783 586 2831 fundantur
596 2782 687 2846 praelis
698 2781 759 2830 elisa
768 2781 892 2843 Falernis,

353 2866 451 2928 Terque
462 2865 528 2913 lavet
537 2870 635 2912 nostras
645 2864 714 2935 spica
724 2864 814 2934 Cilissa
823 2879 913 2913 comas.
