2304 3590
395 356 605 401 wasnaum.
807 372 852 419 317

151 449 276 517 Tempora
288 451 415 510 saevitiae,
425 451 507 502 claras
517 452 609 516 quibus
619 451 724 502 abstulit
734 452 791 502 urbi

150 530 315 596 illustresque
326 534 423 582 animas
436 533 537 598 impune
548 540 576 583 et
586 532 684 582 vindice
694 531 780 581 nullo!

154 610 202 661 Sed
212 613 299 678 periit,
309 620 444 679 postquam
456 614 604 664 cerdonibus
614 630 669 664 esse
679 614 804 665 timendus

152 692 289 760 Coeperat:
307 695 356 746 hue
366 697 453 746 nocuit
462 695 609 745 Lamiarum
619 696 695 745 caede
705 695 823 746 madenti.

546 790 596 837 Sal.
609 788 641 838 ἰν.
672 802 695 837 v.
710 791 822 836 144154.

446 955 576 993 ucxnvm.

361 1055 495 1110 Nobilius
506 1055 562 1110 solet
576 1056 666 1108 virtum.

197 1167 280 1232 «Ῐῇ
353 1223 360 1247 ,
381 1187 501 1252 Catilina,
523 1190 574 1239 tuis
594 1188 722 1238 natalibus
743 1196 819 1254 atque

198 1288 246 1346 ’ἂι
256 1340 258 1348 y
269 1326 281 1342 ἶ-
367 1267 473 1337 Cethegi

162 1342 277 1405 (3547)ae
305 1350 419 1401 Inveniet
429 1352 563 1417 quisquam
574 1351 726 1402 sublimius?
742 1366 813 1400 arma

255 1442 341 1480 tamen
351 1447 395 1480 vos

154 1511 285 1562 Nocturna
296 1523 322 1562 et
332 1511 445 1561 flammas
457 1512 571 1563 domibus
580 1512 730 1579 templisque
741 1514 846 1578 paratis,
938 1502 940 1507 ¹

154 1596 192 1646 Ut
202 1597 363 1646 bracatorum
375 1598 445 1661 pueri
457 1595 633 1663 Senonumque
643 1599 764 1659 minores,

154 1678 221 1727 Ausi
231 1675 300 1742 qued
310 1675 386 1727 lieeat
397 1678 483 1727 tunica
492 1678 582 1743 punire
592 1677 703 1728 molesta

156 1761 206 1812 Sed
212 1760 303 1827 vigilat
313 1760 399 1810 eonsul
409 1760 550 1827 vexillaque
560 1769 643 1812 vestra
652 1769 756 1811 eoereet.

156 1844 207 1894 Hie
217 1858 298 1893 novus
309 1841 432 1907 Arpinas,
443 1843 560 1909 ignobilis
572 1851 598 1893 et
608 1843 682 1892 modo
692 1843 786 1892 Romae

156 1924 319 1989 Municipalis
329 1939 414 1989 eques,
425 1923 552 1990 galeatum
563 1925 634 1990 ponit
645 1924 739 1990 ubique

156 2006 316 2057 Praesidium
326 2007 438 2056 attonitis
448 2012 474 2056 et
483 2006 510 2055 in
520 2007 587 2056 omni
599 2014 683 2055 monte
693 2004 797 2056 laborat.

157 2088 270 2138 Tantum
280 2087 359 2153 igitur
371 2101 456 2136 muros
465 2087 534 2136 intra
544 2096 604 2153 toga
614 2086 720 2137 contulit
730 2085 767 2135 illi

160 2169 275 2221 Nominis
286 2184 316 2218 ae
326 2168 402 2225 tituli,
414 2174 536 2234 quantum
547 2184 596 2217 non
608 2167 730 2226 Ieueade,
742 2173 862 2233 quantum

159 2249 306 2300 Thessaliae
316 2249 412 2315 eampis
423 2249 543 2299 Octavius
554 2249 658 2298 abstulit
669 2248 719 2297 udo

159 2330 287 2381 Caedibus
297 2329 405 2380 assiduis
416 2330 514 2396 gladio:
535 2329 579 2379 sed
589 2330 670 2378 Roma
679 2336 820 2394 parentem,

161 2413 242 2462 Roma
251 2418 351 2477 patrem
361 2412 459 2476 patriae
469 2410 615 2462 Ciceronem
624 2409 704 2459 libera
714 2409 789 2461 dixit.

159 2494 272 2558 Arpinas
281 2492 346 2542 alius
357 2490 507 2541 Volscorum
517 2492 544 2540 in
555 2497 638 2540 monte
648 2490 744 2541 solebat

161 2573 268 2623 Peeeere
278 2571 414 2634 mercedes,
425 2571 507 2622 alieno
517 2571 598 2622 lassus
609 2581 698 2623 aratro
707 2591 715 2638 5

162 2653 289 2703 Nodosam
298 2659 357 2718 post
366 2652 429 2703 haee
438 2651 571 2719 frangebat
582 2654 675 2703 vertiee
684 2653 768 2704 vitem.

162 2734 190 2785 Si
199 2735 284 2785 lentus
293 2734 369 2801 pigra
378 2735 488 2784 muniret
498 2741 581 2785 eastra
591 2734 694 2785 dolabra
704 2755 710 2784 ι

163 2817 209 2867 Hie
221 2825 307 2867 tamen
317 2822 345 2865 et
354 2813 469 2866 Cimbros
480 2823 506 2865 et
515 2830 611 2865 summa
622 2815 733 2881 pericula
741 2831 825 2866 rerum
