2304 3590
315 422 361 475 2⁸4
459 380 692 458 rurnouoerr
719 415 864 458 narina,

315 508 436 558 Nauticus
447 511 473 559 in
484 511 559 559 remis
569 512 686 559 iuvenum
696 519 849 559 monstrante
861 511 983 575 magistro

315 589 358 637 Fit
369 605 453 651 sonus,
464 591 541 654 inque
552 590 631 638 vicem
643 597 730 638 contra
739 604 856 653 percussa
866 589 986 637 reclamat

315 669 402 726 Terra.
413 671 535 721 salutatus
545 687 602 721 cum
613 671 726 720 Leucada
736 670 824 735 pandit
834 670 934 736 Apollo.

347 753 485 802 Incubuere
495 753 565 803 vadis
575 754 668 817 passim
679 753 819 802 discrimine
827 753 897 802 nullo

316 831 402 880 Turba
413 831 485 879 simul
496 833 628 896 primique,
639 832 727 896 nequit
738 846 865 880 secernere
876 832 970 879 mixtos

318 913 410 977 Aequa
421 913 483 969 sitis.
495 906 595 962 frenata
604 914 656 961 auis
667 914 694 960 in
704 912 817 960 curribus
827 913 923 961 intrant

317 995 444 1051 Armenta,
456 998 481 1038 et
491 990 559 1055 pleni
570 991 675 1040 dominis
685 991 810 1053 armisque
820 990 939 1039 feruntur

317 1071 512 1136 Quadrupedes3
530 1071 575 1120 hos
586 1072 661 1120 turbo
672 1086 761 1136 rapax,
769 1070 815 1121 hos
825 1071 924 1120 lubrica
929 1071 1018 1120 fallunt

317 1153 394 1214 Saxa,
405 1169 451 1202 nec
461 1153 585 1219 inplicitos
595 1153 671 1202 fluvio
683 1155 823 1202 reverentia
833 1169 906 1218 reges

317 1235 460 1297 Proterere,
471 1243 516 1284 aut
526 1237 640 1284 mersisse
652 1235 716 1284 vado
726 1235 857 1283 clamantis
867 1235 943 1283 amici

318 1316 379 1365 Ora.
412 1315 535 1364 Fremunt
544 1315 635 1376 undae,
646 1316 783 1381 longusque
794 1331 810 1364 a
820 1310 933 1364 fontibus
942 1316 1020 1363 amnis

317 1398 452 1462 Diripitur,
464 1398 537 1447 modo
547 1397 602 1446 lene
612 1399 695 1446 virens
706 1405 731 1447 et
740 1399 841 1463 gurgite
850 1414 916 1462 puro

319 1480 478 1545 Perspicuus,
489 1497 555 1529 nunc
567 1479 650 1530 sordet
661 1482 733 1544 aq'uis
743 1486 842 1545 egestus
853 1480 886 1529 ab
898 1482 950 1529 imo

320 1561 431 1625 Alveus3
450 1561 507 1610 inde
518 1568 586 1610 toros
597 1562 709 1626 riparum
720 1569 746 1610 et
756 1567 860 1625 proruta
871 1561 977 1609 turbant

319 1641 449 1702 Gramina,
460 1643 510 1690 iam
521 1657 618 1690 crassus
628 1656 753 1705 coenoque
763 1647 789 1689 et
796 1641 898 1705 pulvere
907 1650 1014 1701 torrens,

320 1723 477 1786 Quamquam
487 1722 587 1788 expleta
598 1722 662 1779 sitia,
672 1721 766 1771 bibitur
775 1728 867 1770 tamen.
901 1720 1014 1787 Agmina

415 1802 480 1852 bello

320 1887 455 1935 Decertare
466 1892 547 1950 putes,
558 1885 700 1948 iustumque
711 1886 738 1933 in
749 1885 849 1950 gurgite
860 1883 972 1932 Martem

321 1967 466 2024 Perfurere,
478 1973 505 2015 et
516 1974 615 2031 captam
626 1964 680 2014 tolli
689 1965 822 2015 victoribus
832 1965 930 2014 urbem.

706 2044 805 2092 Liuiv.
839 2059 862 2091 v.
877 2046 993 2092 78be-

629 2313 718 2350 cxcvr.
846 2296 858 2330 i

548 2446 710 2531 Hypsipyler
721 2446 804 2500 dolor.

396 2584 474 2670 QG
485 2605 553 2654 velut
563 2605 672 2670 aligerae
683 2603 766 2653 aedem
778 2604 894 2668 letusque
906 2605 1014 2668 parentis

373 2647 447 2757 ‚5¹74
470 2687 534 2737 Cum
544 2689 616 2752 piger
626 2685 744 2735 umbrosa
754 2684 889 2750 populatus
900 2686 925 2734 in
934 2685 991 2734 ilice

334 2734 446 2822 effi}
535 2784 644 2833 serpens,

327 2846 375 2895 Illa
386 2849 459 2907 redit,
470 2850 636 2914 querulaeque
647 2848 733 2898 domus
744 2849 836 2897 mirata
847 2849 955 2912 quietem

335 2591 378 2683 *c

341 2681 376 2755 (l

350 2697 365 2757 l
