2360 3598
342 445 371 481 ²2
487 429 719 474 ANTHOBOGIA
746 432 889 477 LATINA.

376 522 414 586 Sy.
719 523 831 574 Tuomue
842 524 942 573 filium?

344 602 614 667 (Abigamhunoms.)
642 605 692 652 iam
700 604 793 654 dudum
801 605 894 671 aliquid
902 605 956 654 ruri
965 619 1039 672 agere

441 683 555 732 arbitror.

377 767 422 813 De.
441 762 511 813 Satin
523 765 570 813 sois
582 764 617 813 rbi
628 764 701 813 esse?

376 845 414 904 Sy.
606 843 654 905 Oh,
666 846 710 907 qui
720 850 818 909 egomet
828 843 944 908 produxi.

376 928 420 973 De.
872 923 1015 986 Optumest:

344 1002 425 1052 Metui
434 1019 465 1052 ne
476 1005 590 1054 haereret
600 1005 647 1054 hio.

376 1169 420 1215 De.
438 1163 504 1223 Quid
515 1165 619 1214 autem?

375 1246 414 1306 Sy.
512 1245 624 1294 Adortus
634 1246 740 1310 iurgiost
751 1244 854 1292 fratrem
866 1244 930 1308 apud
942 1242 1024 1293 forum

344 1325 382 1372 De
392 1325 496 1388 psaltria
507 1326 575 1374 istao.

375 1408 419 1454 De.
612 1404 664 1453 Ain
674 1405 753 1454 vero?

375 1485 413 1546 Sy.
754 1485 806 1546 Ah,
817 1486 970 1534 nilretIouit.

344 1563 408 1612 Nam
420 1571 447 1612 ut
457 1564 633 1612 numerabatur
644 1564 708 1613 forte
719 1573 859 1630 argeutum,
870 1565 1005 1613 intervenit

344 1642 424 1691 Homo
435 1643 465 1691 de
476 1644 612 1706 inproviso:
629 1645 709 1707 eoepit
718 1643 824 1693 clamare
833 1647 849 1671 “
859 1644 881 1692 Ο
892 1644 1025 1705 Aeschine,

670 1085 754 1147 Atque
764 1085 856 1132 iratum
867 1083 1007 1133 admodum.

346 1723 456 1772 Haecine
466 1723 561 1788 flagitia
571 1723 652 1772 faeere
663 1725 702 1772 te!
720 1724 781 1774 haec
791 1729 817 1773 te
826 1724 956 1772 admittere

343 1802 450 1867 Indigna
461 1818 551 1867 genere
562 1809 645 1852 nostro
655 1806 682 1850 !”

375 1887 419 1932 De.
437 1883 486 1943 Oh,
498 1883 607 1932 laorumo
618 1884 716 1948 gaudio.

376 1963 414 2024 Sy.
432 1962 518 2010 “Non
534 1970 563 2011 tu
579 1963 627 2011 hoo
643 1971 773 2028 argentum
789 1963 880 2028 perdis,
899 1963 942 2011 aed
958 1964 1034 2012 vitam

438 2045 532 2092 tuam.''

376 2122 419 2171 De.
438 2122 524 2171 Salvos
531 2123 576 2171 sit:
594 2137 675 2186 spero,
683 2130 722 2172 est
730 2123 816 2171 similis
827 2124 946 2171 maiorum
955 2137 1034 2172 suom.

375 2203 416 2264 Sy.
957 2202 1019 2251 Hui.

374 2286 416 2331 De.
435 2281 507 2345 Syre,
517 2292 703 2348 praeceptorum
714 2283 813 2348 plenust
823 2282 926 2331 istorum
937 2281 986 2330 illo.

375 2365 406 2423 sy
961 2360 1032 2425 Phy:

343 2442 418 2490 Domi
428 2442 516 2491 habuit
526 2443 591 2491 uude
601 2443 714 2492 dirueret

376 2526 420 2571 De.
740 2522 783 2571 Fit
793 2522 889 2571 sedulo:

345 2602 389 2651 Nil
399 2604 584 2666 praetermitto:
601 2602 768 2652 oonsuefaoio:
786 2603 891 2665 deniquo

343 2680 468 2745 Inspicere
479 2689 605 2746 tamquam
616 2682 642 2730 in
653 2681 778 2746 speculum
788 2683 815 2730 iu
825 2683 888 2730 vitas
898 2681 1007 2729 omnium

342 2761 420 2809 Iubeo
431 2768 505 2825 atque
515 2777 548 2810 ex
559 2762 613 2811 aliis
623 2777 720 2811 sumere
730 2762 869 2826 exemplum
879 2760 936 2809 sibi.

343 2842 359 2867 “
371 2838 426 2888 Hoc
437 2840 539 2890 facito.''
