2310 3592
331 391 377 438 208
476 386 711 431 ANTHOLOGIA
733 388 880 430 LATJNA.

330 482 403 530 Nune
414 482 459 531 tibi
471 482 623 546 commendo,
633 484 774 532 eommunia
784 483 900 547 pignore,
911 488 990 531 natos.

361 564 431 613 Haeo
441 580 502 613 cura
511 571 538 613 et
548 566 624 613 cineri
635 567 714 630 spirat
724 566 808 614 inuste.
817 581 883 615 meo.

330 644 446 710 Fungere
456 647 576 694 maternis
588 646 691 703 vicibus,
703 652 783 710 puter.
812 645 860 694 Illa
870 659 980 693 meorum

364 726 450 776 Omnis
460 727 509 776 erit
518 726 581 775 eollo
592 727 667 775 turba
678 726 780 775 ferenda
791 732 842 777 tuo.

329 809 421 858 Oscula
430 823 487 857 eum
498 807 595 857 dederis
605 814 649 856 tue
659 807 785 870 flentibus,
795 807 875 857 adiice
884 809 978 857 metris.

362 889 427 938 Tota
437 888 526 938 domus
535 889 617 952 coepit
627 904 692 937 nuno
703 904 765 936 onus
777 903 831 936 esse
841 895 920 937 tuum.

330 967 364 1016 Et
374 969 395 1016 si
406 966 467 1032 qnid
477 966 601 1015 doliturus
611 968 669 1028 eris,
682 969 735 1015 siue
747 967 852 1016 testibus
863 967 925 1018 iltis:

361 1044 426 1094 Cum
436 1045 544 1106 venient,
555 1045 626 1093 siecis
636 1042 720 1092 oscula
730 1044 789 1093 falle
799 1045 878 1109 genis.

330 1126 375 1176 Sat
385 1126 432 1176 tibi
442 1126 492 1174 sint
502 1132 596 1187 noctes,
607 1141 669 1188 quas
680 1125 711 1173 de
722 1141 771 1184 me,
781 1125 878 1187 Panlie,
888 1125 986 1190 fatiges,

361 1206 512 1271 Somniaque
523 1207 647 1255 infaciem
658 1206 753 1255 credita
764 1221 837 1270 saepe
848 1221 936 1256 meam.

328 1287 424 1352 Atque,
434 1287 478 1337 ubi
489 1295 584 1337 secreto
595 1295 680 1336 nostra
690 1287 723 1335 nd
734 1289 866 1336 simulacra
876 1288 989 1353 loqueris,

363 1369 398 1418 Ut
408 1384 572 1434 responsurae
582 1369 681 1434 singula
689 1369 765 1418 verba
775 1371 835 1421 iace.

329 1450 379 1500 Seu
389 1459 473 1500 temen
485 1450 615 1499 adversum
625 1451 730 1499 mutarit
741 1451 817 1499 ianua
826 1451 927 1513 lectum,
1001 1444 1030 1489 V

361 1530 459 1581 Sederit
469 1538 495 1579 et
504 1538 590 1580 nostro
601 1539 676 1580 cauta
685 1547 792 1580 noverca
802 1539 867 1595 toro,

328 1612 488 1678 Coniugium,
499 1614 578 1677 pueri,
588 1612 689 1667 laudate
700 1619 726 1661 et
736 1611 798 1661 ferte
808 1621 954 1676 paternum:

361 1692 443 1760 Capta
452 1694 523 1743 dubit
534 1695 622 1744 vestris
634 1695 744 1743 moribus
754 1694 798 1742 illa
808 1710 904 1744 munus.

327 1774 381 1824 Nee
391 1781 496 1824 matrem
507 1774 607 1823 laudate
617 1776 706 1839 nimis3
724 1774 814 1824 collata
824 1778 904 1839 priori

359 1856 451 1905 Vertet
462 1857 488 1904 in
499 1855 605 1904 offensus
615 1855 692 1904 libere
702 1856 778 1904 verba
790 1871 857 1906 sues.

327 1939 377 1987 Seu
390 1953 484 1986 memor
495 1936 536 1985 ille
547 1953 603 1986 meu
612 1943 742 1985 contentus
754 1938 876 1995 manserit
885 1938 980 2001 umbra,

359 2018 393 2066 Et
405 2018 469 2066 tanti
479 2017 575 2066 eineres
584 2017 684 2066 duxerit
695 2033 748 2066 esse
758 2033 834 2075 meos,

327 2100 423 2148 Discite
432 2106 563 2147 venturam
574 2099 625 2146 iam
636 2113 704 2147 nune
715 2098 807 2147 sentire
818 2106 951 2161 senectam,

358 2179 467 2230 Caelibie
477 2180 509 2228 ad
517 2195 590 2227 curus
600 2195 646 2228 nen
657 2185 727 2228 vaeet
736 2179 786 2227 ulle
796 2180 844 2228 vla.

326 2261 400 2322 Quod
410 2261 472 2310 mihi
483 2262 622 2309 detructum
633 2268 679 2318 est,
684 2269 780 2309 vestros
789 2261 928 2310 aeoedatad
936 2276 1024 2310 annos:

357 2343 431 2393 Prole
441 2359 497 2392 meu
507 2342 623 2391 Paullum
635 2344 671 2390 sic
682 2343 750 2391 iuvet
760 2358 813 2391 esee
824 2358 915 2391 senem.

325 2426 359 2474 Et
370 2425 433 2474 bene
441 2425 533 2473 habet:
552 2439 681 2487 nunquam
692 2431 772 2472 mater
783 2423 899 2489 lugubria
909 2424 999 2487 sumpsi
1009 2442 1016 2486 3

358 2506 438 2555 Venit
446 2506 473 2554 in
484 2507 604 2570 exequias
615 2512 669 2554 tutu
679 2515 780 2554 caterva
790 2521 867 2555 mens.

325 2588 409 2639 Causa
418 2595 534 2654 perorata
543 2593 588 2637 est.
620 2586 721 2636 Flentes
731 2603 771 2635 me
782 2588 879 2652 surgite
891 2593 973 2647 testes,

357 2669 426 2717 Dum
437 2670 546 2734 pretium
557 2669 623 2717 vitae
636 2676 710 2733 gratu
721 2668 837 2733 rependit
846 2668 945 2717 humus.

325 2749 440 2799 Moribus
449 2756 475 2799 et
484 2749 578 2799 caelum
590 2751 689 2815 patuit3
707 2751 755 2798 sim
766 2750 844 2815 digua
855 2748 978 2810 merendo,

357 2826 435 2876 Cuius
446 2827 574 2876 honoratis
585 2842 641 2876 ossa
653 2827 776 2876 vehantur
785 2827 866 2892 equis.

881 2908 945 2970 Eleq.
956 2904 991 2953 xi.
