2310 3592
314 407 360 451 ²18
457 399 694 444 ANTHOLOGIA
721 400 872 443 LATINA.

312 496 400 545 Aurea
410 502 552 546 sanctorum
562 496 701 560 potuissent
710 495 803 560 templa
811 495 921 545 deorum

344 576 434 639 Urere,
445 593 510 642 quae
521 586 619 627 tantum
630 579 770 626 sustinuere
780 578 860 627 nefas.

310 657 412 708 Avertit
421 658 505 708 uultus
516 659 606 724 Erycis
616 675 681 723 quae
691 658 801 724 possidet
811 675 890 709 arcas.

345 739 409 789 Sunt
420 754 528 805 quoque,
539 741 585 804 qui
596 739 710 789 lacrimas
720 740 873 789 continuisse
883 747 981 807 negant.

313 820 363 871 Sed
373 829 457 870 tamen
468 821 515 871 hoc
523 820 621 883 melius,
632 837 707 886 quam
718 820 739 870 si
749 819 876 871 Phaeacia
886 822 959 871 tellus

310 915 329 928 ·
343 904 460 969 Ignotum
471 903 515 952 rili
526 903 694 967 supposuisset
704 902 788 951 humo.

311 981 378 1032 Hinc
388 990 457 1031 certe
466 981 578 1031 madidos
589 981 708 1046 fugientis
719 982 810 1046 pressit
820 981 911 1031 ocellos

343 1062 436 1126 Mater,
446 1070 472 1112 et
482 1063 509 1111 in
520 1063 614 1112 cineres
625 1062 714 1111 ultima
724 1062 790 1111 dona
800 1063 873 1113 tulit:

310 1143 377 1193 Hinc
388 1159 457 1193 soror
467 1145 494 1193 in
504 1150 602 1209 partem
613 1145 705 1193 misera
715 1159 772 1193 cum
780 1155 862 1194 matre
872 1145 963 1194 doloris

342 1225 430 1287 Venit,
441 1226 568 1275 inornatas
579 1226 701 1275 dilaniata
710 1241 806 1276 comas:

309 1303 424 1370 Cumque
434 1306 484 1355 tuis
495 1323 541 1356 sua
551 1308 689 1356 iunxerunt
698 1306 862 1372 Nemesisque
871 1309 986 1372 priorque

342 1385 443 1450 Oscula,
456 1403 502 1436 neo
514 1387 577 1437 solos
590 1388 725 1437 destituere
734 1403 816 1453 rogos.

309 1466 384 1516 Delia
393 1468 543 1518 descendens
554 1472 562 1497 ‘
571 1468 683 1518 felicius'
693 1469 775 1534 inquit
785 1470 888 1518 ‘amata

341 1547 402 1598 Sum
413 1548 467 1598 tibi.
500 1550 605 1609 Vixisti,
614 1549 673 1599 dum
684 1556 743 1599 tuus
755 1551 821 1615 ignis
830 1552 918 1599 eram!

308 1629 357 1681 cui
365 1630 479 1680 Nemesis
487 1633 495 1658 ‘
502 1631 574 1695 quid'
582 1632 618 1681 ait
627 1633 687 1681 ‘tibi
693 1639 751 1681 sunt
758 1647 814 1680 mea
821 1632 912 1681 damna
918 1631 1008 1681 dolori?

340 1711 385 1762 Me
396 1712 477 1761 tenuit
486 1713 594 1761 moriens
605 1711 734 1762 deficiente
746 1715 840 1761 mauu)

308 1793 336 1843 si
347 1800 455 1844 tamena
465 1794 539 1842 nobis
548 1793 644 1858 aliquid
654 1794 705 1842 nisi
714 1809 804 1843 nomen
814 1802 840 1843 et
849 1795 939 1844 umbra

341 1875 438 1937 Restat,
449 1876 475 1923 in
486 1875 574 1941 Elysia
584 1875 648 1925 valle
659 1875 773 1926 Tibullus
784 1878 842 1925 erit.

308 1956 402 2008 Obvius
412 1957 471 2007 huic
481 1957 576 2019 venias,
587 1956 680 2006 hedera
689 1957 813 2007 iuvenalia
822 1958 920 2007 cinctus

339 2037 472 2104 Tempora,
484 2054 541 2087 cum
551 2037 637 2096 Calvo,
652 2038 724 2087 docte
734 2037 841 2100 Catulle,
852 2044 905 2089 tuo.

310 2121 352 2171 Tu
361 2137 469 2187 quoque.
480 2122 501 2170 si
511 2120 601 2170 falsum
611 2128 650 2170 est
659 2122 774 2170 temerati
783 2121 879 2170 crimen
891 2121 972 2183 amici,

340 2203 474 2268 Sanguinis
484 2210 560 2267 atque
571 2204 669 2252 animae
680 2203 783 2268 prodiga
794 2201 868 2253 Galle
878 2210 943 2252 tuae.

306 2285 355 2334 His
365 2300 446 2333 comes
456 2283 545 2334 umbra
552 2292 597 2333 tua
607 2292 653 2334 est
687 2283 765 2349 Siqua
773 2291 811 2333 est
818 2284 892 2334 modo
899 2285 1006 2350 corporis

402 2365 500 2427 umbra,

340 2445 445 2496 Auxisti
456 2463 580 2508 numeros,
590 2447 656 2496 culte
666 2447 775 2509 Tibulle,
786 2448 848 2511 pios.

305 2529 370 2579 Ossa
381 2530 476 2594 quieta,
486 2544 582 2592 precor,
592 2535 648 2577 tuta
657 2530 805 2591 requiescite
815 2529 842 2577 iu
853 2544 927 2584 urna,

336 2610 371 2659 Et
380 2610 413 2659 sit
423 2608 514 2658 humus
524 2609 602 2658 cineri
614 2624 664 2658 non
673 2624 777 2657 onerosa
785 2616 830 2658 tuo
840 2610 846 2656 !

672 2693 738 2755 Elep.
751 2692 787 2741 ix.
800 2696 870 2756 1·203
890 2695 972 2741 ati-68.
