2320 3590
331 405 361 446 Β,
478 394 710 438 nunnonourn
738 396 881 438 burlun.

330 494 367 542 At
377 493 479 542 rabidus
490 493 568 556 tigres
579 491 671 540 obsunt
681 498 707 539 et
718 506 792 540 saeva
803 490 904 539 leonum

329 573 439 635 Semina,
449 589 495 622 nec
505 574 608 622 miseros
617 572 711 621 fallunt
722 573 822 621 aconita
835 571 951 637 legentis,

328 655 380 704 Nec
391 656 458 720 rapit
469 656 593 704 inmensus
604 653 670 703 orbis
681 668 726 718 per
737 653 840 701 humum
844 690 852 714 ,
864 667 950 716 neque
961 660 1031 702 tanto

330 734 468 801 Squameus
479 738 506 785 in
516 738 609 801 spiram
620 742 729 785 tractum
741 750 768 783 se
779 734 882 799 colligit
893 735 991 798 anguis

327 817 400 866 Adde
411 823 449 866 tot
459 818 574 883 egregias
585 817 660 865 urbes
671 830 827 881 operumque
838 813 962 876 laborem,

328 895 377 945 Tot
388 903 505 962 congesta
514 911 590 944 manu
601 895 742 959 praeruptis
752 893 844 958 oppida
855 893 933 952 saxis,

326 976 492 1042 Fluminaque
504 978 621 1037 antiquos
633 975 831 1026 subterlabentia
842 991 937 1024 muros.

326 1059 371 1107 Au
384 1074 462 1120 mare,
477 1058 544 1122 quod
558 1073 643 1122 supra,
655 1073 798 1121 memorem,
816 1058 935 1125 quodque
951 1058 1030 1107 adluit

425 1140 510 1189 iufra?

326 1221 403 1269 Anne
412 1222 481 1271 lacus
491 1228 583 1284 tantos,
594 1230 628 1284 te,
639 1221 698 1271 Lari
710 1237 836 1282 maxume,
847 1228 931 1284 teque,

325 1302 456 1351 Fluctibus
465 1311 491 1352 st
502 1302 604 1353 fremitu
615 1303 752 1368 adsurgens
764 1303 864 1351 Benace
876 1305 974 1352 marino
985 1304 996 1351 ἓ

325 1384 369 1433 An
379 1400 512 1434 memorem
522 1393 610 1450 portus
620 1385 781 1449 Lucrinoque
792 1385 877 1434 addita
888 1384 1000 1434 claustra

324 1465 411 1530 Atque
421 1467 577 1532 indignatum
589 1470 687 1532 mugnis
700 1467 851 1516 stridoribus
863 1482 967 1531 aequor,

326 1547 391 1595 Iulia
402 1563 452 1611 qua
462 1555 538 1613 ponto
548 1547 621 1613 longe
632 1555 704 1597 sonat
715 1547 783 1596 unda
794 1546 878 1596 refuso

324 1628 519 1694 Tyrrhenusque
530 1629 601 1678 fretis
612 1630 750 1678 inmittitur
761 1635 846 1678 aestus
859 1630 970 1678 Auernis
983 1631 995 1677 l

325 1709 394 1758 Haec
404 1710 490 1759 eadem
501 1711 600 1776 argenti
610 1711 678 1759 rivos
689 1711 806 1774 aerisque
816 1709 920 1758 metalla

324 1790 439 1840 Ostendit
450 1793 527 1853 venis,
539 1798 615 1855 atque
625 1807 688 1840 euro
700 1792 811 1855 plurima
820 1790 902 1839 duxit.

322 1872 392 1921 Hseo
409 1887 488 1937 genus
507 1887 564 1922 acre
581 1873 672 1935 virum,
690 1873 799 1931 Marsos,
817 1873 960 1939 pubemque
982 1874 1027 1923 Su·

421 1952 521 2014 bellam,

321 2033 507 2099 Adsuetumque
523 2034 589 2083 malo
604 2027 734 2099 Ligurem,
749 2034 906 2099 Volscosque
923 2044 1025 2085 verutos

320 2115 428 2177 Extulit,
436 2115 498 2165 haec
507 2113 721 2176 Decios‚¹Murios,
730 2131 883 2180 magnosque
895 2115 1024 2174 Camillos,

319 2195 445 2261 Scipiades
456 2196 532 2245 duros
544 2195 617 2253 bello,
629 2203 699 2259 etto,
710 2212 826 2245 maxume
844 2195 946 2258 Caesar,

321 2277 372 2337 Qui
382 2293 449 2326 nunc
459 2279 576 2327 extremis
587 2278 665 2326 Asiae
676 2278 726 2349 iam
737 2279 815 2327 victor
826 2279 852 2326 in
862 2279 914 2329 oris

320 2358 440 2408 Inbellem
450 2360 543 2409 evertis
553 2359 672 2408 Romanis
683 2359 781 2409 arcibus
793 2359 894 2409 Indum.

320 2439 400 2502 Salve,
411 2456 504 2505 magna
514 2455 604 2505 parens
615 2439 726 2505 frugum,
743 2438 861 2489 Saturnia
872 2438 955 2503 tellus,

318 2521 413 2587 Magna
423 2523 519 2585 virum3
538 2521 583 2570 tibi
593 2536 634 2570 res
644 2522 762 2585 antiquae
773 2521 854 2570 laudis
866 2531 892 2571 st
903 2526 967 2573 artis

300 2651 303 2658 ,
317 2602 457 2668 ingredior,
469 2611 567 2653 sanctos
579 2618 654 2652 ausus
666 2603 794 2653 recludere
804 2602 889 2666 fontis,

317 2683 504 2748 Ascraeumque
514 2699 576 2733 cano
588 2683 703 2733 Romana
713 2699 758 2749 per
766 2685 858 2750 oppida
870 2701 981 2736 carmem

867 2782 889 2815 v.
904 2772 1019 2820 134176.
