2320 3590
380 410 582 454 Vacemus.
788 430 831 473 135

129 505 181 553 Pro
189 505 279 554 crinali
290 521 362 568 auro,
372 521 419 570 pro
432 507 521 573 longae
532 509 642 572 tegmine
652 507 743 573 pallae,

130 585 242 653 Tigridis
253 590 360 637 exuviae
369 604 415 653 per
424 588 524 639 dorsum
536 605 551 638 a
561 592 653 639 vertice
664 590 778 655 pendent.

130 668 192 717 Tela
202 685 280 718 manu
290 671 341 719 iam
352 678 406 719 tum
416 677 503 720 tenera
513 671 619 737 puerilia
630 673 711 727 torsit.

131 751 165 800 Et
173 751 279 800 fundam
289 754 364 802 tereti
373 754 467 802 circum
477 761 553 818 caput
561 755 614 819 egit
624 753 730 816 habena,

132 831 352 897 Strymoniamque
363 849 459 899 gruem,
470 842 514 883 aut
525 835 608 883 album
620 835 708 884 deiecit
718 835 818 884 olorem.

131 912 227 962 Multae
238 913 310 962 illam
321 913 416 963 frustra
424 914 559 980 Tyrrhena
569 931 614 980 per
625 915 715 980 oppida
726 926 818 964 matres

131 994 256 1059 Optavere
266 1010 374 1060 nurum3
391 995 444 1044 sola
454 1004 569 1045 contenta
580 997 662 1045 Diana

130 1076 272 1125 Aeternum
284 1077 389 1127 telorum
399 1086 424 1127 et
434 1079 586 1144 virginitatis
596 1094 704 1129 amorem

131 1157 285 1207 Intemerata
295 1159 362 1208 colit.

649 1256 674 1288 v.
687 1244 801 1289 sae-58⁴.

466 1381 500 1418 c1.

247 1488 352 1542 Aeneas
362 1490 399 1542 ad
410 1498 536 1543 conamen
543 1496 709 1562 provocatur.

225 1620 241 1643 θ’

142 1621 194 1713 ’Ξῖ
203 1621 255 1720 ἔ,
263 1644 286 1692 Τ
294 1652 367 1709 pater
377 1646 487 1706 Aeneas,
498 1646 584 1694 audito
595 1647 693 1694 nominc
706 1644 793 1706 Turni,

142 1715 150 1756 'r
164 1720 173 1727 --
212 1710 255 1759 „sp

136 1889 338 1955 Praecipitatquc
349 1907 431 1940 moras
441 1892 530 1948 omnis,
541 1906 616 1955 opera
627 1892 709 1939 omnia
719 1890 821 1954 rumpit,

135 1970 241 2022 Iaetitia
251 1973 390 2035 exsultans,
401 1973 600 2038 horrendumque
611 1975 707 2022 intonat
717 1975 793 2022 armis
804 1993 809 2021 =

136 2048 250 2109 Quantus
259 2050 351 2114 Athos,
359 2059 403 2100 aut
410 2059 517 2115 quantus
523 2051 605 2116 Eryx,
611 2059 656 2100 aut
662 2054 724 2115 ipse,
730 2052 838 2099 coruscis

136 2131 198 2181 Cum
208 2133 297 2182 fremit
307 2133 413 2196 ilicibus,
424 2141 543 2198 quantus,
553 2134 694 2198 gaudetque
705 2132 782 2182 nivali

137 2213 237 2263 Vertice
249 2230 276 2263 se
287 2214 403 2263 attollens
414 2222 486 2280 pater
495 2215 660 2279 Appenninus
671 2214 703 2262 ad
714 2229 794 2263 auras.

137 2294 190 2343 Iam
201 2312 262 2345 vcro
272 2304 298 2345 et
308 2295 397 2345 Rutuli
408 2297 522 2345 certatim
533 2304 559 2344 et
570 2295 648 2344 Troes
659 2302 685 2343 et
695 2310 779 2343 omnes

139 2371 288 2423 Convertere
300 2374 385 2423 oculos
395 2372 463 2436 Itali,
475 2374 568 2437 quique
579 2372 630 2421 alta
641 2372 758 2420 tenebant

139 2452 244 2511 Moenia,
256 2456 350 2519 quique
361 2456 423 2502 imos
433 2453 567 2519 pulsabant
576 2454 654 2502 ariete
664 2467 757 2512 muros,

140 2533 267 2599 Armaque
278 2535 413 2600 deposuere
423 2535 540 2584 humeris.
577 2533 667 2598 Stupet
673 2534 725 2598 ipse
734 2532 839 2581 Latinus

140 2613 259 2679 Ingentis,
270 2615 369 2680 genitos
380 2613 484 2662 diversis
494 2613 608 2677 partibus
618 2612 694 2670 orbis,

141 2690 207 2741 Inter
217 2708 244 2741 se
255 2693 343 2741 coiisse
354 2691 421 2740 viros
432 2697 457 2740 et
468 2705 568 2739 cernere
578 2689 650 2738 ferro.

235 2778 249 2802 2
349 2774 364 2802 θ
462 2772 476 2801 1
573 2773 588 2800 ἢ
684 2772 698 2798 0

142 2849 251 2916 Iuppiter
259 2852 313 2916 ipse
322 2850 386 2899 duas
396 2855 503 2913 aequato
514 2849 627 2896 examine
637 2847 720 2896 lances
