2310 3592
375 400 551 444 LUCANUS.

415 626 511 663 cnxxx.
536 609 559 633 “

282 733 368 788 Lucus
380 733 519 788 Massiliae
531 737 636 788 uicinus.

146 877 162 959 ’ἱ
182 910 210 977 *a
219 873 488 957 >³U0USerat10ng0
498 906 635 955 numquam
645 890 752 941 violatus
764 892 796 940 ab

163 982 170 1033 ᾗ
325 984 395 1031 aevo,

125 1041 181 1096 ᾲως
213 1054 234 1094 -25-
259 1050 399 1099 Obscurum
409 1052 510 1115 cingens
520 1053 638 1100 connexis
650 1055 710 1100 aera
719 1053 804 1113 ramis,

109 1130 143 1181 Et
154 1131 252 1197 gelidas
263 1132 313 1180 alte
324 1133 445 1182 submotis
457 1132 550 1182 solibus
560 1133 671 1183 umbras.

109 1211 187 1261 Hunc
198 1227 249 1260 non
257 1212 379 1262 ruricolae
389 1212 480 1275 Panes,
491 1229 669 1280 nemorumque
679 1220 792 1278 potentes

109 1293 207 1367 Silgani
218 1294 400 1360 Nymphaeque
413 1301 506 1356 tenent,
518 1294 562 1344 sed
571 1295 679 1344 barbara
688 1296 755 1345 ritu*

109 1375 189 1425 Sacra
200 1375 284 1433 desim,
295 1383 403 1425 structae
413 1376 475 1425 diris
485 1376 605 1448 altaribus
616 1392 687 1441 arae3

109 1457 248 1521 Omnisque
259 1457 375 1506 humanis
385 1457 491 1507 lustrata
501 1459 630 1507 cruoribus
640 1458 721 1531 arbos,

110 1538 136 1588 Si
146 1555 200 1603 qua
210 1538 286 1588 iidem
297 1541 389 1588 meruit
401 1554 504 1605 superos
514 1541 605 1589 mirata
615 1546 734 1600 vetustas,

107 1619 163 1669 Illis
174 1627 202 1670 et
211 1620 324 1670 volucres
335 1627 451 1669 metuunt
460 1622 575 1670 insistere
586 1622 670 1682 ramis,

107 1701 142 1752 Et
150 1701 240 1751 lustris
250 1702 371 1752 recubare
379 1702 447 1751 ferae
458 1720 464 1751 ι
480 1717 526 1751 uec
538 1709 625 1751 ventus
636 1704 663 1751 in
673 1702 728 1751 illas

106 1782 230 1833 Incubuit
239 1783 323 1845 silvas,
332 1799 488 1849 excussaque
498 1783 606 1832 nubibus
616 1786 678 1833 atria

105 1863 238 1931 Fulgura:
254 1880 305 1912 uon
315 1864 373 1913 ullis
383 1864 496 1914 frondem
507 1864 682 1929 praebentibus
693 1866 761 1913 auris

105 1943 252 1994 Arboribus
263 1960 323 1994 suus
332 1944 421 1994 horror
431 1946 502 1994 inest.
537 1944 602 1994 Tum
612 1945 720 2011 plurima
730 1947 810 2011 nigris

104 2024 232 2076 Fontibus
242 2025 309 2075 unda
315 2026 390 2088 cadit,
397 2026 578 2091 simulacraque
584 2035 679 2077 maesta
686 2027 788 2077 deorum

104 2106 173 2157 Arte
183 2114 280 2169 carent,
291 2108 419 2172 caesisque
430 2115 519 2158 extant
529 2109 646 2159 informia
656 2110 759 2158 truncis.

102 2187 164 2254 Ipse
176 2189 243 2238 situs
253 2190 370 2255 putrique
382 2189 443 2239 facit
453 2191 504 2239 iam
513 2189 601 2239 robore
608 2189 692 2255 'pallor

103 2270 241 2320 Attonitos
252 2289 259 2319 ε
276 2285 326 2318 non
337 2270 444 2335 vulgatis
455 2280 553 2320 sacrata
563 2271 652 2337 figuris

101 2351 220 2401 Numina
232 2352 268 2400 sic
278 2358 408 2401 metuunt:
425 2358 523 2400 tantum
533 2352 670 2402 terroribus
681 2352 758 2410 addit,

102 2433 177 2494 Quos
188 2434 296 2482 timeant
306 2448 356 2482 non
365 2449 437 2482 nosse
448 2432 514 2483 deos.
547 2434 604 2486 Iam
612 2434 680 2483 fama
690 2433 785 2483 ferebat

102 2513 187 2578 Saepe
197 2528 273 2562 cavas
284 2519 445 2562 motuterrae
455 2515 552 2578 mugire
562 2529 689 2575 cavernas,

99 2596 136 2646 Et
147 2594 342 2661 procumbentes
353 2595 444 2643 iterum
455 2610 604 2660 consurgere
615 2602 695 2658 taxos,

101 2677 139 2728 Et
148 2691 204 2726 non
214 2675 326 2725 ardentis
336 2675 433 2742 fulgere
443 2676 557 2725 incendia
568 2677 652 2739 silvae,

98 2759 259 2822 Roboraque
270 2757 398 2823 amplexos
408 2756 604 2807 circumfluxisse
615 2756 741 2806 dracones.

97 2839 162 2890 Non
172 2838 247 2889 illum
257 2838 328 2888 cultu
338 2837 423 2904 populi
433 2839 547 2904 propiore
558 2838 727 2901 frequentant,

458 2932 471 2968 e
