2320 3590
300 407 330 461 78
445 403 679 446 ANTHOLOGIA
705 404 850 447 LATINA.

298 496 386 560 Atque
398 496 462 546 alius
473 498 552 546 latum
563 497 641 546 funda
652 499 701 546 iam
714 499 827 548 verberat
836 515 944 562 amnem,

299 577 363 626 Alta
373 586 470 642 petens,
481 579 619 644 pelagoque
630 580 694 627 alius
705 576 782 629 trahit
794 579 897 629 humida
907 579 966 628 lius.

300 658 367 706 Tum
379 659 440 707 ferri
452 661 521 725 rigor
532 668 608 724 atque
618 668 721 725 argutae
730 659 823 708 lamina
834 676 959 722 serrae,-

300 739 366 788 Nam
376 742 450 804 primi
460 743 545 791 cuneis
555 742 699 791 scindebant
710 741 785 790 fissile
796 742 925 806 lignum-

297 821 364 868 Tum
375 823 457 870 variae
466 838 554 872 venere
565 831 641 872 artes.
671 822 755 871 Labor
766 824 848 870 (emnia
858 823 918 871 vicit

297 903 422 967 inprobus
434 911 460 953 et
470 904 539 953 duris
550 920 660 970 urguens
668 905 697 952 'in
708 904 783 952 rebus
793 911 900 968 egestas.

811 1002 833 1034 v.
847 990 960 1036 lis-146.

613 1106 674 1140 MV.

568 1205 723 1276 Tempestas.

337 1295 355 1313 υ
393 1286 399 1306 s
425 1310 490 1360 UID
501 1319 658 1376 tempestates
667 1310 998 1367 autumnietsideradicam,

334 1377 420 1477 ''2²3‘st
441 1394 536 1457 Atque,
545 1392 588 1440 ubi
595 1392 798 1455 iambreviorque
806 1391 859 1440 dies
866 1392 996 1442 etmollior

297 1637 386 1702 Spicea
397 1639 445 1686 iam
457 1637 550 1700 campis
561 1652 617 1684 cum
628 1637 714 1685 messis
725 1637 859 1699 inhorruit,
870 1646 963 1686 etcum

294 1719 432 1768 Frumenta
442 1720 467 1767 in
479 1717 553 1766 viridi
564 1717 656 1782 stipula
666 1718 783 1767 lactentia
794 1726 898 1782 turgent
909 1719 921 1766 ‘i

298 1799 377 1864 Saepe
388 1815 442 1865 ego,
451 1815 507 1847 cum
518 1798 589 1847 flavis
601 1814 734 1848 messorem
745 1800 872 1849 induceret
883 1802 948 1849 arvis

295 1881 416 1946 Agricola
426 1887 452 1928 et
463 1879 549 1945 fragili
560 1881 610 1928 iam
621 1881 755 1946 stringeret
767 1881 861 1930 hordea
870 1882 960 1939 culmo,

295 1962 386 2011 Omnia
396 1969 526 2010 ventorum
538 1976 685 2010 consumere
696 1962 790 2026 proelia
801 1963 861 2020 vidi,

295 2042 365 2103 Quae
376 2043 504 2108 gravidam
515 2041 566 2089 late
578 2049 685 2105 segetem
698 2043 729 2091 ab
740 2036 865 2093 radicibus
875 2045 931 2093 imis

295 2123 431 2172 Sublimem
442 2122 572 2187 expulsam
582 2131 700 2171 eruerent
709 2144 716 2187 3
733 2124 770 2172 ita
780 2124 880 2172 turbine
891 2126 963 2190 nigro

293 2206 383 2254 Ferret
401 2204 497 2268 hiemps
510 2203 667 2268 culmumque
685 2205 763 2253 levem
781 2205 934 2270 stipulasque
955 2223 995 2255 vo·

392 2287 476 2335 lautis.

296 2367 376 2433 Saepe
384 2369 459 2417 etiam
468 2368 606 2416 inmensum
615 2367 682 2416 caelo
689 2369 757 2417 venit
764 2382 853 2433 agmen
863 2384 994 2433 aquarum,

295 2450 329 2499 Et
339 2449 437 2498 foedam
447 2449 585 2515 glomerant
597 2455 767 2514 tempestatem
779 2449 900 2521 imbribus
912 2452 974 2500 atris

294 2529 417 2580 collectae
429 2546 462 2578 ex
471 2531 521 2579 alto
532 2531 626 2595 nubes3
643 2531 696 2579 ruit
706 2531 799 2579 arduus
810 2531 904 2593 aether,

294 2610 328 2658 Et
338 2612 423 2675 pluvia
432 2613 529 2676 ingenti
539 2620 594 2660 sata
601 2611 668 2660 laeta
678 2611 803 2676 boumque
812 2612 910 2662 labores

293 2689 391 2757 Diluit3
407 2693 534 2757 inplentur
544 2692 634 2754 fossae,
645 2700 671 2741 et
682 2709 742 2742 cava
752 2695 854 2743 flumine
866 2703 982 2744 crescunt

292 2771 357 2821 Cum
368 2775 459 2836 sonitu,
471 2775 600 2838 fervetque
611 2775 682 2823 fretis
693 2776 845 2840 spirantibus
856 2791 958 2840 aequor.

292 2853 350 2917 lpse
360 2852 438 2904 Pater
448 2855 529 2904 media
539 2855 679 2905 nimborum
690 2857 716 2904 in
726 2863 798 2906 nocte
809 2872 911 2906 corusca
