2304 3590
418 404 479 447 STA
486 403 576 447 tuus.
803 409 845 451 231

137 497 241 554 Accolis
255 497 431 564 alternumque
442 514 515 548 sonas
526 506 551 548 et
562 498 673 548 carmina
683 497 772 546 misces
783 516 788 545 :

136 579 179 628 Da
190 596 274 629 vocem
285 596 386 646 magno,
397 589 477 646 pater,
490 582 666 646 ingeniumque
676 579 797 628 dolori.-

169 660 245 709 Felix
256 660 297 709 ille
308 669 404 725 patrem
416 663 500 710 vacuis
511 661 673 710 circumdedit
683 661 757 721 ulnis,

137 742 225 792 Vellet
236 750 264 791 et
274 742 362 807 Elysia
374 744 488 805 quamvis
499 744 526 791 in
537 743 594 791 sede
606 743 712 792 locatum

137 824 266 888 Abripere
276 832 302 872 et
313 821 415 872 Danaas
426 824 518 873 iterum
529 831 686 889 portareper
697 823 799 872 umbras
810 836 818 887 ς

137 904 316 969 Temptantem
327 913 353 954 et
363 907 433 954 rivos
443 905 558 954 molitum
569 906 595 954 in
603 904 711 954 Tartara
721 916 828 970 gressus

136 985 240 1035 Detulit
250 986 362 1036 infernae
374 994 443 1037 vates
453 987 574 1054 longaeva
585 987 691 1035 Dianae.

138 1067 167 1116 Si
177 1067 273 1131 chelyn
285 1067 420 1133 Odrysiam
431 1069 503 1133 pigro
515 1068 656 1118 transmisit
665 1066 769 1116 Averno

138 1148 226 1198 Causa
237 1150 326 1206 minor,
338 1150 359 1197 si
370 1148 522 1197 Thessalicis
533 1148 659 1197 Admetus
669 1149 695 1196 in
707 1149 768 1204 oris,

137 1229 166 1279 Si
177 1230 273 1279 coniux
281 1236 349 1278 retro
360 1228 514 1295 Phylaceida
524 1230 624 1279 rettulit
634 1230 759 1287 umbram,

138 1312 195 1360 Cur
206 1309 270 1358 nihil
280 1317 376 1372 exoret,
387 1312 492 1375 genitor,
503 1311 590 1376 chelys
601 1318 645 1359 aut
656 1319 700 1360 tna
712 1327 807 1373 manes,

138 1389 198 1436 Aut
209 1386 287 1435 meai
319 1387 370 1436 Fas
381 1386 443 1436 mihi
455 1389 488 1437 sit
498 1389 593 1452 patrios
603 1388 745 1454 contingere
756 1388 849 1451 vultus,

142 1469 194 1517 Fas
207 1469 321 1517 iunxisse
332 1484 429 1530 manus,
440 1475 466 1518 et
475 1469 518 1518 lex
528 1485 698 1534 quaecumque
710 1479 837 1534 sequatur.

174 1549 214 1598 At
224 1565 277 1611 vos,
287 1549 433 1598 umbrarum
444 1565 517 1615 reges
528 1557 678 1614 aeternaque
689 1551 785 1600 Iuno—

142 1631 170 1679 Si
180 1630 309 1679 laudanda
319 1631 525 1695 precor-taedas
536 1631 632 1680 auferte
641 1647 773 1698 comasque

144 1711 331 1761 Eumenidum:
349 1711 418 1761 nullo
430 1718 501 1761 sonet
509 1728 581 1777 asper
592 1713 684 1762 ianitor
694 1714 749 1761 ore!

141 1793 333 1857 Centaurosque
350 1793 504 1858 Hydraeque
516 1809 605 1859 greges
624 1792 785 1858 Scyllaeaque

242 1883 356 1923 monstra
586 1888 588 1892 “

143 1958 262 2005 Aversae
272 1955 353 2004 celent
363 1955 448 2017 valles,
458 1955 623 2020 umbramque
634 1956 736 2006 senilem

141 2038 240 2087 lnvitet
250 2037 324 2102 ripis,
335 2036 447 2086 discussa
456 2037 537 2103 plebe,
548 2039 671 2102 supremis

141 2119 249 2179 Vester,
258 2125 284 2166 et
296 2118 322 2165 in
331 2117 413 2167 media
423 2125 555 2182 componat
565 2118 674 2167 molliter
685 2118 749 2183 alga.

544 2216 569 2249 v.
583 2205 665 2249 19-28.
699 2204 813 2250 etl-aas.

452 2320 544 2355 cxc1v.

353 2399 504 2453 ssebaidos.
520 2397 582 2453 Lib.
596 2398 635 2455 iii.

306 2505 484 2578 Amphiareae
497 2510 610 2585 avigaria
620 2510 697 2579 capit.
