2310 3592
434 404 589 450 ournrus.
811 421 856 468 ²35

158 500 267 564 Quoque
276 501 331 550 loco
341 506 380 550 est
390 500 472 559 arbor,
483 502 606 566 turgescit
615 501 643 548 in
653 503 742 549 srbore
753 515 849 548 ramus:

191 580 259 630 Num
269 581 357 647 procul
367 597 383 630 u
393 581 489 632 Geticis
499 581 591 630 finibus
602 581 676 630 arbor
687 581 765 630 obest.

159 660 297 711 Otisnuno
308 663 373 725 istie,
384 663 523 726 iunctisque
534 677 568 710 ex
578 661 665 712 ordine
675 661 740 711 ludis

190 740 291 792 Cedunt
300 743 399 793 verbosi
408 744 511 807 gormls
520 743 587 792 bellu
596 742 652 791 fori.

157 821 241 873 Lusus
252 826 324 890 equis
335 841 401 875 nunc
411 833 459 887 est,
468 826 565 876 levibns
574 840 641 874 nunc
651 823 746 873 luditur
757 825 847 874 ermis:

190 904 266 954 Nunc
276 904 337 970 pilu,
348 923 414 956 nunc
424 906 500 956 celeri
509 905 619 956 volvitur
629 905 688 955 orbe
698 905 814 955 trochus:

158 984 232 1034 Nune
242 987 287 1035 ubi
296 987 398 1051 perfusa
408 995 446 1038 est
457 987 511 1036 cleo
522 986 621 1036 labente
631 988 754 1045 iuventus,

189 1066 308 1117 Defessus
318 1076 388 1117 ortus
399 1068 506 1135 Virgine
517 1069 610 1134 tinguit
620 1083 691 1132 equs.

158 1146 238 1197 Scene
244 1151 326 1215 ¹riget,
338 1149 476 1216 studiisque
487 1150 558 1199 levor
569 1149 718 1199 distantibus
728 1150 808 1211 ardet,

189 1230 304 1294 Cumque
314 1231 395 1280 tribus
405 1239 523 1281 resonent
533 1239 606 1280 ternu
615 1232 716 1281 theatra
729 1231 799 1280 foris.

159 1310 289 1374 Oquster,
300 1327 315 1360 c
326 1313 441 1375 quotiens
451 1327 501 1361 non
511 1319 551 1361 est
561 1327 700 1370 numerere,
709 1311 819 1374 beutum,

189 1391 249 1440 Non
258 1392 392 1442 interdicte
402 1393 443 1441 cui
451 1393 510 1441 licet
518 1392 588 1442 Urbe
598 1392 663 1442 frui!

158 1472 196 1522 At
206 1473 269 1522 milri
280 1473 388 1521 sentitur
398 1473 443 1523 nix
453 1488 530 1521 verno
540 1473 593 1522 sols
605 1472 695 1535 solute,

190 1553 312 1618 Quaeque
322 1553 379 1602 lecu
389 1552 452 1602 duro
462 1569 512 1602 non
520 1552 651 1603 fodiuntur
661 1568 756 1618 aquae:

158 1633 211 1682 Neo
218 1649 288 1682 mere
294 1635 431 1683 concrescit
436 1621 576 1699 glacienoo
581 1641 611 1683 ut
617 1642 683 1698 unte,
690 1650 735 1700 per
743 1635 858 1685 Histrum

191 1715 303 1765 Stridula
314 1714 473 1780 Seurcmutes
484 1715 596 1781 plcustru
607 1716 729 1766 bubulcus
737 1719 799 1783 egit.

158 1796 280 1862 Incipient
291 1795 390 1862 uliquee
400 1803 483 1846 temen
493 1797 543 1845 huc
553 1797 647 1847 adnare
657 1799 766 1860 carinae,

189 1877 348 1942 Hospituque
358 1878 385 1925 in
395 1876 471 1925 Ponti
481 1877 555 1927 litore
564 1879 655 1943 puppis
665 1879 722 1930 erit.

161 1954 265 2005 Sedulus
276 1970 405 2005 occurram
416 1962 517 2017 nautae,
528 1956 643 2020 dictuque
655 1956 744 2019 salute,

190 2034 258 2097 Quid
268 2037 361 2099 veniat,
373 2051 499 2101 quaeram,
511 2038 598 2101 quisve
609 2038 730 2101 quibusve
740 2037 808 2086 locis.

159 2116 204 2166 Ille
214 2118 324 2182 quidem,
335 2120 426 2166 mirum
436 2119 464 2166 ni
474 2118 504 2167 de
515 2119 615 2183 regions
625 2120 765 2185 propinque

191 2198 250 2249 Non
260 2199 309 2248 nisi
318 2200 412 2248 vicinus
423 2207 493 2249 tutus
504 2201 582 2249 crerit
592 2215 679 2265 equos.

161 2277 241 2330 Rarus
253 2281 285 2330 cb
296 2281 371 2330 Italic
380 2287 478 2330 tuntum
488 2296 557 2330 mure
566 2283 651 2330 navita
661 2285 762 2345 transit,

191 2360 278 2411 Litore
289 2377 363 2411 rurus
373 2362 400 2410 in
411 2361 472 2412 hsec
481 2363 604 2434 portulpus
615 2362 676 2411 crbu
686 2366 763 2414 venit.

164 2440 218 2491 Sive
229 2450 314 2493 tumen
326 2442 424 2493 Graece
435 2444 527 2506 scierit,
539 2445 589 2493 sive
601 2444 642 2492 ille
653 2443 745 2494 Latine

191 2523 262 2573 Voce
271 2523 349 2588 loqui,
360 2531 427 2573 certe
437 2525 533 2589 gratior
543 2540 603 2574 usus
613 2525 668 2574 erit

161 2603 209 2653 Fas
214 2621 313 2670 quoquc
321 2605 352 2654 cb
358 2621 400 2655 cre
408 2604 610 2671 fretilongeeque
614 2606 778 2672 Propontidos
785 2612 859 2661 undis

193 2685 249 2736 Huc
259 2687 368 2751 aliquem
378 2694 447 2737 certo
457 2686 514 2737 velo
524 2687 620 2737 dedisse
632 2695 698 2741 note.

163 2764 279 2831 Quisquis
290 2770 370 2830 isest,
381 2769 485 2817 memori
494 2783 620 2817 rumorem
630 2784 689 2819 voce
700 2771 794 2822 referre

192 2847 224 2898 Et
234 2848 289 2899 fieri
299 2849 381 2899 ismae
390 2865 498 2916 parsque
507 2849 650 2915 gradusque
660 2858 749 2916 potest.
