2310 3592
365 424 602 467 momulus.
802 430 845 485 185

139 517 221 576 Crede
231 520 304 581 mihi,
314 535 365 568 non
376 520 429 568 ullu
439 527 498 570 tuce
509 528 547 569 est
557 519 679 568 medicina
689 519 786 584 figurae
796 539 801 566 :

172 599 265 650 Nudus
272 602 354 651 Amor
365 601 459 651 formae
469 619 520 651 nou
531 609 600 650 emat
609 601 736 669 artificem.

139 680 235 745 Aspice
246 696 310 744 quos
321 684 455 731 summittit
465 682 556 731 humus
567 683 677 730 formoso
686 681 795 746 colores3

172 759 212 809 Ut
222 753 325 811 veniunt
335 761 444 812 hederae
455 771 541 828 sponte
553 779 599 812 sus
609 763 707 823 melius,

139 841 235 907 Surget
244 850 272 892 ct
281 845 308 892 in
319 843 377 893 solis
387 845 519 893 formosius
530 845 634 894 arbutus
643 836 731 903 antris,

172 924 208 973 Et
219 925 283 974 sciet
293 925 413 974 indociles
424 941 525 974 currere
535 925 639 990 lympha
650 926 710 974 vius.

139 1002 228 1053 Litora
237 1006 330 1054 nativis
340 1005 462 1055 collucent
472 1007 540 1069 picta
550 1005 651 1069 lapillis,

172 1085 208 1134 Et
218 1085 331 1135 volucres
341 1085 410 1135 nulle
420 1085 517 1135 dulcius
530 1093 584 1134 crte
595 1093 695 1135 canunt

141 1165 200 1215 Non
210 1167 247 1215 sic
259 1165 391 1233 Leucippis
402 1166 529 1216 succendit
541 1166 647 1216 Castore
658 1166 767 1228 Phoebe,

172 1247 303 1297 Pollucem
313 1248 383 1297 cultu
395 1264 445 1296 non
457 1247 556 1296 Hiluirs
569 1263 649 1310 soror,

141 1327 209 1391 Nou,
221 1330 282 1378 Idae
293 1336 320 1378 et
329 1329 420 1393 cupido
431 1329 556 1392 quondam
566 1328 691 1378 discordie
700 1328 814 1391 Phoebo,

172 1411 255 1459 Eueni
266 1411 357 1476 patriis
367 1410 420 1458 filie
430 1409 555 1467 litoribus,

142 1490 195 1541 Nec
207 1491 348 1557 Phrygium
360 1491 423 1540 ielso
433 1493 513 1540 traxit
523 1491 630 1540 candore
641 1492 758 1540 meritum

173 1575 273 1622 Avecta
283 1574 395 1621 externis
406 1572 576 1637 Hippodamia
587 1574 650 1621 rotis
659 1592 666 1637 3

142 1653 191 1703 Sed
201 1655 280 1703 facies
289 1654 377 1702 ederat
387 1654 463 1703 nullis
473 1653 582 1703 obnoxia
592 1655 706 1720 gemmis,

172 1736 263 1797 Qualis
273 1735 388 1800 Apelleis
398 1742 438 1784 est
448 1735 516 1785 color
528 1737 553 1784 in
565 1735 666 1785 tubulis.

141 1818 198 1867 Non
209 1818 259 1868 illis
271 1818 380 1868 studium
392 1817 466 1882 vulgo
477 1819 624 1881 conquirere
634 1824 762 1883 emuntes3

172 1899 228 1949 Illis
237 1898 322 1964 ample
332 1899 393 1948 sutis
404 1898 485 1947 forms
496 1897 623 1962 pudicitie„

142 1981 199 2031 Non
207 1997 256 2047 ego
266 1997 333 2030 nunc
344 1995 440 2041 vereor,
451 1995 483 2028 ne
495 1981 542 2028 sim
553 1979 602 2028 tibi
613 1980 685 2029 vilior
695 1983 763 2033 istis:

173 2061 226 2111 Uni
236 2063 258 2112 si
270 2077 320 2126 que
330 2062 420 2126 placet,
432 2061 500 2109 culte
510 2060 594 2125 puelle
605 2068 644 2110 set
654 2069 702 2124 est,

142 2142 205 2193 Cum
216 2143 264 2192 tibi
274 2143 423 2208 praesertim
434 2140 551 2190 Phoebus
562 2156 609 2190 suc
619 2144 730 2192 carmine
740 2144 814 2194 donet

173 2225 328 2287 Aoniamque
340 2223 421 2272 libens
433 2222 560 2287 Calliopea
569 2221 662 2286 lyram,

142 2302 222 2353 Unice
233 2318 279 2352 nec
290 2303 356 2351 desit
367 2302 480 2350 iocundis
490 2303 574 2367 gratis
585 2304 676 2366 verbis,

173 2385 263 2435 Omnis
272 2399 387 2449 quaeque
398 2382 487 2431 Venus
498 2399 611 2449 quaeque
623 2383 737 2433 Minerva
746 2385 845 2450 probet.

142 2466 188 2516 His
199 2475 227 2516 tu
237 2481 337 2531 semper
348 2465 399 2514 eris
408 2471 509 2513 nostrae
519 2466 664 2531 gratissimo
674 2467 749 2526 vitae,

172 2546 265 2597 Taedia
276 2547 336 2596 dum
347 2547 453 2595 miserae
461 2546 512 2594 sint
523 2546 570 2595 tibi
578 2546 703 2608 'luxuriae

708 2629 812 2692 neeri

420 2755 584 2859 Qu»
