2320 3590
373 401 577 457 renelmus,

433 551 525 585 vam.

434 651 523 703 Vinea.

162 734 244 839 ⁸⁴3,an
254 758 407 834 OLLIBUS
427 776 460 809 an
482 760 557 825 plano
577 760 667 809 melius
686 762 719 810 sit
739 777 830 824 ponere

340 843 425 904 vitem,

271 921 370 982 Quaere
386 924 465 987 prius.
507 922 534 971 Si
551 923 650 987 pinguis
666 938 739 988 agros
755 932 830 972 meta·

221 1004 282 1052 bere
293 1004 384 1068 campi,

124 1084 211 1133 Densa
221 1100 275 1133 sere
284 1104 292 1147 3
310 1085 337 1133 in
347 1084 424 1133 denso
435 1100 486 1133 non
497 1085 597 1148 segnior
608 1084 685 1132 ubere
696 1084 823 1146 Bneehus;

126 1161 170 1210 Sin
182 1162 287 1211 tumulis
298 1160 393 1210 adclive
405 1161 485 1210 solum
498 1161 618 1224 collisque
629 1163 740 1225 supinos,

126 1242 232 1308 Indulge
242 1242 380 1298 ordinibus,
391 1258 437 1291 nee
448 1244 527 1291 setius
538 1243 619 1291 omnis
630 1245 657 1290 in
668 1259 776 1308 unguem

126 1322 269 1371 Arboribus
279 1322 368 1386 positis
379 1330 447 1370 secto
459 1322 499 1370 via
509 1321 588 1370 limite
599 1321 712 1384 quadret.

127 1401 164 1450 Ut
175 1418 250 1467 saepe
262 1403 358 1467 ingenti
368 1402 436 1452 bello
446 1419 503 1451 enm
513 1403 589 1468 longa
599 1402 712 1451 cohortes

126 1481 256 1548 Explicuit
265 1484 342 1550 legio,
352 1491 378 1532 et
389 1498 477 1548 campo
487 1484 557 1532 stetit
570 1498 660 1548 agmen
671 1491 766 1547 aperte,

121 1563 297 1628 -Directaeque
307 1567 381 1622 ecies,
392 1580 421 1613 ne
432 1564 483 1613 lete
495 1563 602 1613 fluctuat
612 1566 692 1613 omnis

127 1645 196 1693 Aere
206 1645 333 1694 renidenti
344 1645 426 1699 tellus,
437 1644 543 1693 necdum
555 1645 658 1693 horrida
669 1647 773 1696 miscent

126 1724 236 1783 Proelia,
248 1727 292 1775 sed
303 1726 393 1775 dubius
403 1725 491 1774 mediis
503 1725 573 1774 Mers
584 1735 652 1774 erret
662 1728 689 1774 in
700 1728 792 1791 urmis3

127 1807 219 1857 Omnia
230 1809 282 1856 sint
292 1808 395 1872 paribus
407 1808 517 1856 numeris
529 1807 641 1856 dimensa
651 1809 746 1856 viarum
757 1830 764 1873 3

129 1887 187 1937 Non
198 1889 310 1936 animum
321 1888 395 1936 modo
406 1888 444 1936 uti
455 1896 541 1952 paseat
551 1897 697 1953 prospectus
708 1891 816 1950 inanem,

128 1968 178 2018 Sed
190 1971 251 2034 quia
260 1985 312 2019 non
322 1969 396 2018 aliter
406 1969 467 2017 viris
479 1969 548 2018 debit
559 1970 674 2018 omnibus
685 1987 778 2035 nequas

130 2050 219 2115 Terra,
225 2067 308 2116 neque
316 2052 342 2099 in
349 2067 454 2100 vacuum
463 2057 580 2114 poterunt
587 2066 612 2100 se
621 2051 755 2100 extendere
762 2054 832 2099 rami.

678 2149 700 2180 v.
714 2137 829 2184 273·287.

447 2239 522 2274 nxrx.

457 2337 516 2391 Ver.
565 2397 569 2400 ⁴

134 2685 196 2734 Tum
207 2694 280 2751 pater
291 2683 450 2747 omnipotens
461 2681 573 2730 fecundis
584 2682 705 2731 imbribus
716 2681 814 2730 Aether

134 2765 251 2833 Coniugis
262 2767 290 2815 in
302 2765 428 2830 gremium
439 2763 520 2812 laetae
531 2763 667 2826 deseendit,
678 2772 704 2811 et
714 2766 795 2812 omnis

90 2890 94 2900 .
136 2847 242 2914 Magnus
253 2847 309 2910 alit,
320 2859 415 2911 magno
426 2847 575 2894 commixtus
586 2860 697 2909 corpore,
709 2844 781 2894 fetus.
