2320 3590
343 418 346 423 ’
396 413 423 453 H
428 413 537 455 OR'A'TI
542 414 590 456 US.
669 421 673 427 '
801 421 847 475 169

141 505 175 555 Et
185 506 264 569 decet,
274 506 382 557 obducta
393 507 506 557 solvatur
515 507 600 557 fronte
610 513 733 558 senectus.

172 586 213 635 Tu
223 589 282 636 rina
293 588 423 651 Torquato
433 604 504 638 more
514 588 615 638 consule
626 604 715 652 pressa
725 603 789 639 meo.

140 669 232 718 Cetera
241 670 314 718 mitte
325 668 411 733 loqui:
429 669 491 719 deus
500 670 563 719 boec
573 669 679 720 fortasse
688 669 797 736 benigna

171 749 285 799 Redueet
296 752 322 798 iu
333 750 415 798 sedem
426 751 487 800 vice.
522 750 597 800 Nunc
608 757 634 799 et
644 750 813 799 Achaemenio

139 831 260 881 Perfundi
270 832 350 880 nardo
361 832 431 881 iuvet
440 843 468 881 et
478 832 527 881 fide
535 832 655 898 Cyllenea

172 914 268 963 Lauare
278 914 341 962 diris
351 921 453 978 pectora
463 913 680 971 sollicitudinibus,

140 993 238 1043 Nobilis
248 1002 278 1043 ut
287 995 379 1059 grandi
389 996 479 1043 cecinit
490 993 632 1044 Centaurus
642 996 758 1047 alumn0=

172 1081 180 1104 ‘
191 1073 287 1124 Invicte
298 1075 411 1124 mortalis
422 1075 469 1124 dea
478 1082 537 1124 nate
548 1091 611 1139 puer
623 1076 738 1139 Thetide,

139 1154 177 1203 Te
186 1166 271 1204 manet
281 1156 403 1205 Assaraci
413 1156 498 1219 tellus,
508 1172 583 1220 quam
594 1157 687 1222 frigida
696 1158 768 1223 parri

170 1235 283 1286 Findunt
296 1236 445 1286 Scamandri
454 1237 567 1298 flumina,
579 1239 689 1288 lubricus
700 1246 726 1288 et
738 1238 843 1307 Simois3

140 1315 212 1366 Unde
222 1318 270 1367 tibi
282 1318 392 1367 reditum
403 1326 472 1368 certo
482 1319 640 1385 subtegmine
650 1335 741 1384 parcae

172 1398 281 1465 Rupere,
292 1416 339 1448 uec
349 1409 430 1450 mater
438 1401 538 1449 domum
549 1401 650 1450 caerula
661 1411 686 1451 te
695 1403 803 1452 revehet

139 1479 190 1529 Illic
200 1497 275 1530 omne
286 1481 381 1530 malum
390 1483 448 1530 vino
458 1490 583 1547 cantuque
593 1482 683 1537 levato,

169 1563 298 1612 Deformis
310 1563 478 1627 aegrimoniae
489 1563 603 1612 dulcibus
614 1563 748 1629 alloquiis?

756 1663 810 1696 xui.

454 1800 534 1836 CXXV.

309 1906 357 1959 Ad
369 1907 498 1979 Populum
512 1907 666 1962 Ronzunum.

149 2030 388 2124 &aarum
397 2052 545 2100 inmoritur
554 2052 830 2116 adsciveramus,

151 2113 203 2234 ΨΨ,
210 2109 259 2204 Ji}
301 2132 359 2181 sna
368 2141 394 2181 et
405 2135 460 2198 ipsa
470 2133 551 2182 Roma
561 2135 656 2183 viribus
667 2136 736 2185 min

149 2197 200 2269 ..ἱ-3χ
225 2194 259 2266 dt
282 2215 366 2275 Quam
381 2230 461 2278 neque
477 2215 577 2264 finitimi
593 2215 725 2266 valuerunt
741 2216 844 2280 perdere

335 2295 425 2354 Marsi,

170 2375 279 2426 Minacis
290 2384 335 2425 aut
347 2378 454 2426 Etrusca
465 2377 591 2425 Porsenae
601 2393 697 2435 manus,
793 2422 796 2427 ,

140 2455 246 2506 Aemula
257 2473 304 2507 nec
315 2459 394 2507 virtus
405 2458 507 2523 Capuae
517 2475 562 2508 nec
575 2457 710 2523 Spartacus
721 2475 778 2509 acer

172 2538 300 2604 Novioquc
312 2540 388 2589 rebus
398 2540 504 2590 infidelis
515 2541 649 2604 Allobrox,

141 2617 164 2665 N
166 2634 193 2667 ec
203 2621 258 2669 fera
268 2619 385 2670 caerulea
395 2621 490 2671 domuit
501 2621 638 2672 Germania
648 2623 714 2687 pube

171 2700 374 2766 Parentibusque
385 2702 541 2753 abominatus
552 2703 689 2761 Hannibal,

140 2780 219 2847 Impia
228 2783 363 2849 perdemus
374 2783 456 2833 devoti
467 2785 596 2850 sanguinis
608 2794 686 2848 aetas,
725 2791 727 2794 ⁴
827 2824 829 2831 ,

171 2864 291 2929 Ferisque
302 2879 391 2913 rursus
402 2867 563 2930 occupabitur
575 2866 666 2916 solum.
