2310 3592
327 359 372 414 176
469 353 702 397 ANTHOLOGIA
728 355 875 397 LATlNA.

325 447 430 495 Omnem
439 446 511 495 crede
522 447 588 495 diem
598 448 644 496 tibi
655 448 774 497 diluxisse
786 465 942 514 supremum:

325 526 405 576 Grutu
416 528 571 593 superveniet
582 544 645 592 quse
657 545 706 577 non
718 531 860 594 sperabitur
871 531 940 580 hora.

323 607 368 657 Me
377 609 495 673 pinguem
507 615 532 657 et
541 608 648 657 nitidum
658 610 720 658 bene
730 618 818 659 curate
827 619 885 660 cute
895 613 968 672 vises,

323 690 388 740 Cum
398 691 480 740 ridere
490 690 567 752 voles,
577 692 679 756 Epicuri
690 692 721 741 de
732 709 810 758 grege
821 709 932 757 porcum.

958 792 988 824 ιν.

612 942 729 978 cxxvnl.

545 1048 592 1101 Ad
602 1049 694 1102 librum
706 1068 785 1103 suum.

418 1413 534 1462 mundus.

353 1495 435 1544 Odisti
445 1494 521 1543 clavis
531 1502 557 1542 et
567 1502 641 1559 grute
652 1494 734 1559 sigilla
745 1495 843 1558 pudice,

320 1577 411 1626 Paucis
421 1577 516 1626 ostendi
526 1565 604 1642 gemis
614 1584 640 1625 et
649 1578 790 1625 communia
801 1577 899 1640 laudae,

320 1660 380 1708 Non
388 1660 424 1708 itu
434 1661 552 1707 nutritus.
584 1658 655 1723 Fuge
666 1674 716 1721 quo
727 1657 876 1707 descendere
887 1661 968 1724 gestis

320 1741 378 1790 Nou
389 1742 437 1790 erit
447 1742 537 1789 emisso
546 1739 642 1788 reditus
655 1738 706 1788 tibi.
741 1737 825 1798 ‘Quid
837 1742 913 1789 miser
923 1742 983 1806 egi?

319 1822 388 1883 Quid
398 1823 496 1872 voluii'
513 1821 580 1870 dices
588 1821 631 1869 ubi
642 1820 703 1885 quid
714 1828 739 1870 te
751 1820 852 1869 laeserit
862 1842 869 1885 3
888 1830 914 1870 et
927 1824 974 1871 seis

319 1904 351 1952 In
362 1904 436 1953 breve
448 1911 473 1954 te
482 1904 548 1968 cogi,
558 1918 615 1951 cum
626 1902 714 1966 plenus
724 1902 827 1967 languet
838 1912 944 1953 amator.

319 1985 415 2045 Quodsi
426 2000 475 2033 nou
486 1984 542 2033 edio
553 1984 678 2048 peccantis
690 1982 781 2047 desipit
791 1999 882 2049 augur,

318 2066 400 2121 Carus
410 2069 460 2115 eris
471 2066 575 2126 Romae,
586 2066 664 2114 donee
677 2073 701 2114 te
713 2065 813 2114 deseret
824 2076 894 2115 aetus
907 2086 913 2115 z

318 2146 494 2196 Contrectutus
504 2147 548 2195 ubi
559 2146 674 2195 munibus
685 2146 829 2195 sordescere
840 2148 912 2211 vulgi

319 2227 445 2294 Coeperis‚
456 2235 500 2277 sut
511 2228 593 2276 tineas
602 2242 689 2291 pasces
701 2228 841 2276 taciturnus
853 2229 956 2292 inertes,

318 2312 373 2359 Aut
384 2309 465 2375 fugies
475 2307 575 2357 Uticam
586 2316 631 2356 sut
642 2309 739 2356 vinctus
749 2309 859 2357 mitteris
871 2309 984 2359 Ilerdam.

318 2390 420 2440 Ridebit
431 2391 538 2443 monitor
548 2405 598 2438 non
609 2389 751 2451 exauditus,
763 2396 792 2437 ut
805 2389 847 2437 ille

317 2471 368 2532 Qui
378 2471 443 2520 male
454 2479 582 2536 parentem
593 2471 619 2518 in
630 2485 704 2535 rupes
715 2472 837 2536 protrusit
847 2473 950 2522 asellum

317 2553 401 2603 Iratus
412 2575 417 2603 :
435 2553 491 2618 quis
502 2553 568 2601 enim
580 2553 685 2600 invitum
696 2568 795 2601 servare
804 2552 922 2603 laboret?

316 2635 371 2683 Hoc
383 2650 482 2699 quoque
493 2642 518 2683 te
527 2640 619 2692 manet,
629 2640 659 2682 ut
668 2649 758 2697 pueros
763 2633 886 2683 elementa
892 2636 1016 2685 docentem

316 2715 425 2779 Occupet
435 2716 553 2764 extremis
565 2715 591 2762 in
601 2716 661 2763 vicis
672 2713 746 2763 balba
757 2723 879 2765 senectus.

314 2795 379 2844 Cum
389 2797 436 2845 tibi
447 2796 484 2845 sol
496 2796 594 2860 tepidus
605 2795 684 2860 pluris
695 2795 834 2845 udmomrit
844 2813 928 2855 eures,
