2310 3592
20 2954 23 3011 l

21 3018 23 3055 t

397 410 563 455 PERSIUS.
790 424 836 468 243

124 496 195 546 Haae
205 497 343 549 Calabrum
353 496 422 547 coxit
432 499 522 548 vitiata
533 498 628 547 muriae
636 498 715 547 vellus
726 515 732 546 z

125 577 195 628 Haec
205 578 309 642 baccam
320 579 430 654 sonabas
439 581 540 642 ruisse,
550 586 577 629 et
587 579 711 645 stringere
721 593 796 628 venas

125 658 257 710 Ferventis
265 675 362 710 massae
372 660 450 710 crudo
460 661 491 711 de
499 661 602 726 pulvere
613 661 693 710 iussit

127 740 218 791 Pseeat
228 748 255 791 et
265 743 338 803 haee,
349 749 451 807 peceat:
469 743 531 792 vitio
543 750 627 792 tamen
638 744 734 807 utitur3
752 749 780 792 at
789 760 832 793 vos

129 822 221 884 Diade,
231 822 372 888 pontifiaes‚
382 824 410 872 in
421 834 509 873 saneta
520 824 580 888 quid
591 823 651 873 faeit
662 824 771 873 aurumi

129 903 290 969 Nempehoe,
302 905 369 968 quod
380 904 477 954 Veneri
487 904 619 954 donataaa
634 905 731 971 virgine
740 915 841 971 pupae?

129 985 196 1046 Quin
205 985 295 1035 damus
308 985 335 1035 id
346 987 450 1052 superis,
461 986 492 1035 de
502 1002 594 1052 magna
605 986 672 1052 quad
683 987 745 1037 dare
755 988 827 1037 lanae

131 1066 187 1116 Non
198 1068 278 1133 possit
289 1068 373 1133 magni
385 1067 521 1118 Messallae
531 1067 601 1133 lippa
610 1083 737 1134 propago:

131 1148 303 1215 Compositam
313 1152 353 1199 ius
364 1149 454 1215 fasque
464 1152 556 1211 animo,
568 1158 715 1215 sanctasque
726 1166 837 1201 resenas

133 1231 235 1292 Mentis,
245 1239 272 1281 et
282 1232 407 1280 incoatum
417 1247 539 1297 generose
549 1238 636 1297 peetus
647 1231 760 1291 honesto,

135 1312 203 1363 Haec
213 1312 289 1380 aedo„
294 1322 323 1363 ut
333 1313 479 1363 admoveam
492 1313 599 1378 templis,
611 1320 637 1362 et
648 1313 715 1362 farre
725 1312 810 1363 litabo.

507 1398 558 1445 Sat.
569 1409 600 1444 11.
611 1411 636 1444 v.
650 1399 705 1459 1·7;
723 1399 805 1446 teas.

447 1541 537 1577 cnm.

403 1638 482 1694 Video
492 1641 600 1694 meliora
608 1641 749 1712 probaque,

252 1734 396 1790 Deteriara
405 1754 506 1808 sequor.

141 2113 250 2162 Moverit
260 2111 396 2176 ingenium,
408 2109 514 2158 ferventi
525 2109 603 2157 tincta
614 2123 709 2157 venena
718 2096 732 2158 τ’

141 2193 268 2244 Virtutem
279 2192 386 2251 videant,
397 2189 601 2254 intabescantque
612 2189 708 2238 relicta.

142 2275 215 2325 Anne
225 2275 306 2340 magis
316 2271 395 2322 Siculi
405 2278 553 2334 gemuerunt
564 2286 624 2320 aera
636 2271 740 2328 iuvenci,

143 2357 175 2408 Et
185 2356 267 2422 inagis
277 2354 373 2404 auratis
383 2350 493 2419 pendens
504 2353 664 2417 laquearibus
674 2353 740 2401 ensis

143 2439 286 2503 Purpureas
297 2435 384 2486 subter
393 2434 502 2483 eervices
513 2435 611 2494 terruit,
623 2436 696 2488 lmus,

146 2523 209 2569 Imus
216 2521 360 2584 praebitas,
372 2530 448 2581 quam
460 2515 481 2564 si
493 2514 541 2563 sibi
551 2514 626 2574 dicat,
636 2521 663 2563 et
672 2515 739 2564 intus

147 2600 243 2650 Palleat
253 2598 350 2658 infelix,
361 2595 428 2662 quod
438 2597 554 2661 proxima
565 2597 658 2644 neseiat
669 2595 754 2643 uxor?

180 2681 259 2746 Saepe
270 2679 362 2739 oeulos,
373 2677 483 2737 memini,
497 2677 629 2745 tangebam
640 2691 732 2741 pervus
743 2676 816 2736 olivo,

150 2762 260 2813 Grandia
270 2765 292 2812 si
303 2760 395 2811 nollem
404 2760 520 2809 merituri
531 2759 608 2809 verba
618 2757 722 2808 Catenis

151 2844 258 2906 Dinaeae,
269 2859 319 2893 nan
331 2858 392 2892 sano
402 2840 509 2890 multum
519 2838 646 2889 laudanda
655 2837 784 2902 magistro,

154 2925 220 2987 Quae
230 2933 303 2993 pater
313 2923 428 2975 adductis
438 2923 530 2972 sudans
542 2921 640 2971 audiret
650 2920 745 2970 amieis.
