2320 3590
379 419 573 463 Hortamur.
784 428 828 482 163

193 512 313 563 Ostendet
323 511 449 577 Oapitolio
457 533 464 578 3

224 592 272 643 Sed
283 610 349 658 quee
361 594 442 644 Tibur
453 611 533 660 aquae
544 595 627 645 fertile
638 595 788 660 praefluunt,

190 673 223 722 Idt
233 676 327 739 spissae
340 690 470 724 nemorum
481 692 566 726 comae
631 664 633 669 ’

222 756 331 822 Fingent
342 756 433 806 Aeolio
443 759 552 807 earmine
564 758 677 807 nubilem.

191 837 292 900 Romae,
303 836 425 903 principis
436 839 545 896 urbium,

220 918 350 984 Dignatur
362 919 460 968 suboles
472 920 537 969 inter
549 920 668 970 amabiles

189 998 286 1049 Vatum
295 1015 390 1065 ponere
400 1017 440 1049 me
450 1001 547 1064 choros,

219 1081 314 1131 Etiam
327 1081 401 1131 dente
413 1083 495 1132 minus
505 1083 620 1132 mordeor
632 1084 723 1133 invido.

188 1163 210 1212 Ο
221 1163 353 1212 testudinis
364 1179 455 1213 aureae

220 1243 325 1294 Duleem
336 1260 400 1308 quae
411 1247 553 1310 strepitum,
564 1246 643 1308 Pieri,
654 1256 787 1311 temperas,

187 1326 209 1375 Ο
221 1327 296 1375 mutis
308 1341 409 1392 quoque
421 1327 532 1391 pisoibus

219 1406 351 1456 Donatum
361 1407 443 1471 eyeni,
453 1408 475 1456 ei
485 1407 571 1470 libeat,
583 1424 680 1469 sonum,

186 1487 278 1537 Totum
287 1489 398 1537 muneris
408 1488 455 1538 hoe
466 1490 504 1537 tui
515 1498 562 1553 est,

218 1566 291 1627 Quod
299 1577 425 1618 monstror
435 1569 514 1634 digito
523 1573 737 1635 praetereuntium

136 1676 140 1685 ι
185 1649 313 1699 Romanae
323 1650 414 1700 fidicen
424 1650 514 1715 lyrae:

216 1729 290 1790 Quod
301 1733 370 1796 spiro
380 1739 406 1781 et
416 1732 509 1797 platee,
521 1732 542 1782 si
553 1732 646 1797 plaeeo,
658 1742 727 1782 tuum
739 1742 784 1783 est.

210 1818 213 1823 '
724 1817 758 1864 iii.

435 1907 509 1943 cxxr.

372 1971 581 2068 Auratam.

243 2118 317 2168 IVIS
328 2128 383 2169 orte
394 2121 476 2180 bonis,
487 2123 580 2186 optime
592 2120 714 2170 Romulae

163 2189 205 2267 ’Ἡ
222 2265 223 2268 ¹
258 2200 350 2250 Custos
361 2203 453 2266 gentis,
465 2201 525 2252 ubes
535 2203 585 2250 iam
597 2203 701 2250 nimium
712 2202 772 2252 diu:

135 2265 235 2329 alls?-
257 2281 390 2333 Matutam
401 2283 510 2333 reditum
520 2282 646 2349 pollicitus
656 2292 757 2348 patrum

311 2362 405 2413 Sancto
412 2364 525 2428 coneilio,
536 2364 603 2414 redi.

181 2440 272 2493 Lucem
284 2444 364 2493 redde
376 2452 441 2505 tuae,
451 2445 504 2495 dux
514 2445 586 2504 bene,
597 2448 711 2510 patriae:

181 2522 262 2575 Instar
272 2526 338 2575 veris
348 2527 414 2575 euim
427 2525 510 2576 vultus
522 2526 566 2575 ubi
577 2534 636 2575 tuus

181 2604 288 2656 Adtutsit
299 2607 402 2671 populo,
415 2612 513 2672 gratior
524 2609 544 2657 it
556 2607 609 2657 dies

310 2688 346 2738 Et
356 2688 421 2738 solea
432 2689 521 2740 melius
532 2693 619 2743 nitent.

184 2765 219 2817 Ut
226 2777 306 2819 mater
316 2770 440 2833 iuvenem,
451 2787 527 2836 quem
537 2782 612 2824 notus
622 2777 706 2826 invido

182 2846 253 2900 Flatu
263 2850 397 2916 carpathii
408 2860 478 2903 trans
490 2855 566 2904 maria
578 2871 686 2921 aequora

916 3256 930 3279 lt

785 3176 809 3247 t
878 3197 915 3217 *⁸
929 3212 944 3229 '¹
961 3176 979 3185 x
992 3184 1041 3253 *u

729 3302 1029 3363 nutum-mam*

784 3413 973 3516 ‘'firduu‘
993 3432 1033 3479 ,x

1092 3476 1150 3564 A
