2320 3590
324 393 368 437 162
463 381 698 428 Anemonem
725 379 871 422 LATINA.

384 480 468 531 Fortis
480 482 592 547 Augusti
602 478 686 529 reditu
696 477 828 540 forumque

451 564 549 613 Litibus
560 562 660 633 orbum.

386 645 451 695 Tum
463 660 542 707 mese,
554 645 575 693 si
586 642 646 708 quid
657 642 747 706 loquer
757 639 917 695 audiendum,

386 729 464 778 Vocis
475 726 575 776 accedet
585 726 651 774 bone
660 738 729 790 pers,
739 730 766 773 et
776 725 806 770 ‘o
817 720 855 771 sol

393 809 511 870 Pulcher,
522 824 538 857 o
547 805 686 855 icudunde'
696 819 782 854 cenum
793 809 893 867 recepto

450 890 560 941 Caesare
571 888 641 939 felix.

387 973 483 1037 Teque,
494 971 553 1020 dum
564 967 687 1034 procedis,
698 967 723 1015 io
734 963 883 1029 Triumphe,

389 1053 447 1102 Non
458 1051 534 1102 semel
544 1051 663 1108 dicemus,
674 1049 698 1097 io
710 1044 859 1110 Triumphe,

388 1135 482 1185 civius
494 1134 584 1194 omnis,
595 1131 759 1193 dabimusque
769 1126 835 1176 divis

454 1215 524 1264 Tura
534 1214 661 1276 benignis.

390 1299 426 1347 Te
438 1297 522 1346 decem
532 1295 600 1345 tauri
611 1293 763 1358 totidemque
774 1305 873 1353 vsccee,

391 1379 433 1428 Me
444 1386 515 1427 tener
526 1375 605 1425 solvet
616 1375 718 1436 vitulus,
729 1373 817 1422 relicte

321 1488 324 1494 ·
395 1461 478 1509 Matre
490 1459 534 1522 qui
542 1457 619 1522 lurgis
630 1456 766 1505 iuvenescit
776 1453 860 1503 herbis

456 1538 486 1587 In
497 1551 553 1585 mec
561 1543 629 1595 vota,

395 1621 487 1668 Fronte
497 1623 614 1667 curvatos
624 1615 736 1663 imitatus
747 1615 817 1678 ignes

394 1701 508 1750 Tertium
519 1699 593 1747 lunce
603 1696 734 1745 referentis
744 1701 836 1754 crtum,

393 1782 450 1843 Qun
460 1789 544 1829 nocem
556 1778 639 1839 duxit,
650 1777 738 1825 niveus
750 1774 836 1830 videri,

457 1861 547 1911 Cerere
562 1857 655 1908 fulvus.

783 1921 912 1968 Carnicum
923 1930 958 1966 lv.
969 1915 994 1963 ii.

647 2033 709 2070 CXX.

550 2134 597 2188 Ad
615 2133 805 2205 Melpomeneu

366 2251 480 2339 *iffi*
492 2269 568 2321 UEM
579 2276 614 2327 tu,
626 2267 791 2331 Melpomene,
800 2262 878 2313 semel

366 2302 449 2443 {Q}
458 2330 483 2438 2
530 2353 680 2401 Nsscentem
690 2346 788 2414 placido
798 2344 892 2394 lumine
903 2342 998 2398 videris,

366 2415 462 2491 ³14²&
470 2424 479 2487 ³:
505 2435 581 2483 Illum
591 2447 641 2482 non
652 2430 722 2479 labor
732 2426 854 2477 Isthmius

426 2516 540 2567 Clercbit
550 2511 671 2579 pugilem,
682 2524 734 2559 non
744 2522 824 2573 equus
835 2506 941 2570 immger

395 2598 478 2647 Curru
491 2596 564 2645 ducet
576 2593 688 2642 Achaico

426 2680 563 2734 Victorem,
575 2690 655 2740 neque
665 2688 706 2722 res
716 2670 807 2721 belliue
815 2668 896 2718 Deliis

393 2763 515 2811 Ornatum
527 2757 592 2807 foliis
601 2756 698 2815 ducem,

424 2840 498 2902 Quod
507 2854 594 2904 regum
605 2834 714 2887 tumidos
723 2831 869 2885 contuderit
877 2830 965 2889 miuus,
