2320 3590
295 386 340 441 136
450 377 684 422 sarroaocu
710 377 856 420 turtur.

296 470 417 532 Sustinet,
429 480 455 519 et
462 470 516 520 fata
524 472 620 536 inponit
630 471 729 520 diversa
737 471 851 533 duorum,

297 553 378 613 Quem
389 553 489 603 damnet
500 554 580 617 labor,
591 560 617 603 et
627 569 676 617 quo
687 562 774 620 vergat
784 554 892 619 pondere
903 553 987 603 letum.

296 631 402 690 Emicat,
413 630 461 688 hic,
472 632 565 696 inpune
575 637 675 695 putans,
687 639 713 679 et
721 646 822 695 corpore
833 639 885 680 toto

296 709 359 757 Alte
370 709 495 758 sublatum
505 709 633 774 consurgit
644 708 745 757 Turnus
755 711 781 758 in
791 725 885 772 ensem,

296 791 330 839 Ilt
339 790 405 840 ferit.
441 790 590 839 Exclamant
600 789 678 839 Tmes
689 791 828 855 trepidique
838 791 932 846 Latini,

296 872 466 934 Arrectaoque
477 871 605 920 amborum
616 873 690 922 acies.
725 873 764 921 At
773 872 884 937 perfidus
895 873 964 921 ensis

295 953 441 1017 Frangitur,
452 952 478 1000 in
488 952 618 1015 medioque
629 953 757 1001 ardentem
768 953 861 1002 deserit
872 955 932 1016 ictu,

296 1031 331 1078 Ni
342 1030 403 1095 fuga
413 1029 523 1078 subsidio
534 1029 627 1079 subeat.
663 1029 740 1095 Fugit
753 1031 821 1079 ocior
831 1030 908 1090 Euro,

295 1111 332 1160 Ut
340 1110 454 1175 capulum
465 1112 576 1175 ignotum
587 1110 749 1174 dextramque
760 1112 859 1175 aspexit
867 1113 994 1160 inermem.

295 1190 374 1238 Fama
400 1196 446 1250 est,
470 1189 638 1252 praecipitem,
660 1204 717 1237 cum
743 1189 824 1252 prima
850 1190 878 1237 iu
903 1190 997 1254 proclia

391 1271 488 1318 iunctos

296 1347 483 1399 Conscendebat
493 1362 578 1410 equos,
590 1348 671 1411 patrio
681 1363 798 1396 mucrone
810 1348 904 1409 relicta,

295 1429 363 1478 Dum
374 1429 493 1493 trepidat,
504 1429 599 1477 ferrum
610 1430 712 1493 aurigae
723 1429 836 1493 rapuisse
847 1429 961 1493 Metisci3

293 1511 373 1575 quue
384 1511 436 1567 diu,
446 1510 506 1558 dum
516 1517 589 1576 terga
599 1510 692 1558 dabant
701 1510 812 1575 palantia
822 1511 924 1573 Teucri,

297 1593 415 1657 Suffeoit3
432 1602 564 1658 postquam
575 1608 644 1641 arma
655 1593 696 1641 dei
709 1593 742 1641 ad
758 1593 884 1642 Volcania
898 1600 998 1643 ventum

390 1683 437 1736 est,

294 1757 408 1806 Mortalis
419 1771 512 1819 mucro,
523 1755 616 1818 glacies
627 1771 672 1804 eeu
682 1755 771 1815 futilis,
779 1758 831 1805 ictu

293 1839 424 1903 Dissiluit3
442 1838 511 1886 fulva
521 1837 661 1902 resplendet
671 1837 783 1902 fragmen
794 1854 878 1888 arena.

292 1924 361 1988 Ergo
371 1937 456 1970 amens
467 1921 565 1969 diversa
575 1920 636 1985 fuga
644 1922 706 1984 petit
714 1936 823 1984 aequora
833 1920 944 1982 Turnus,

291 2006 325 2053 Et
336 2020 401 2053 nunc
411 2004 468 2062 huo,
480 2003 536 2051 inde
547 2002 595 2050 huc
608 2004 714 2051 incertos
726 2003 829 2067 inplicat
840 2003 925 2067 orbis3

291 2087 408 2150 Undique
419 2086 486 2134 enim
497 2084 589 2134 Teucri
599 2084 675 2133 densa
686 2084 806 2134 inclusere
816 2100 915 2148 corona,

289 2170 377 2232 Atque
386 2168 445 2216 hinc
455 2172 526 2214 vasta
537 2166 617 2231 palus,
626 2166 683 2214 hinc
691 2166 770 2214 ardua
778 2167 875 2215 moenia
880 2167 991 2231 cingunt.

321 2250 374 2299 Neo
384 2250 466 2297 minus
479 2249 586 2309 Aeneas,
598 2263 748 2311 quamquam
759 2248 873 2297 tardante
885 2249 978 2314 sagitta

288 2332 418 2383 Interdum
428 2346 510 2396 genua
521 2330 658 2394 impediunt
669 2345 817 2393 cursumque
827 2341 951 2383 recusant.

288 2415 442 2479 Insequitur,
452 2412 590 2477 trepidique
600 2411 689 2475 pedem
698 2412 761 2475 pede
769 2412 881 2463 fervidus
887 2425 977 2480 urguet
986 2440 992 2467 ι

287 2497 415 2545 Inclusum
426 2494 502 2542 veluti
513 2495 534 2541 si
545 2493 644 2557 quando
653 2492 754 2542 flumine
764 2501 852 2543 nactus

288 2577 395 2627 Corvum
406 2583 450 2625 aut
459 2576 578 2640 puniceae
589 2582 703 2640 saeptum
713 2575 845 2624 formidine
855 2593 950 2642 pennae

288 2661 403 2709 Venator
413 2674 487 2707 cursu
498 2657 566 2706 canis
577 2665 604 2705 et
614 2657 747 2706 latratibus
759 2662 851 2723 instat3

286 2742 333 2791 Ille
344 2748 435 2797 autem,
447 2739 543 2789 insidiis
555 2747 581 2788 et
590 2740 646 2804 ripa
657 2741 761 2789 territus
771 2740 830 2797 alta,

286 2822 358 2872 Mille
369 2821 434 2888 fugit
444 2822 586 2887 refugitque
597 2822 666 2873 visst
684 2829 711 2871 at
722 2822 819 2871 vividus
831 2822 926 2874 Umber
