2360 3598
316 396 348 451 3⁶
463 387 693 431 Anuuouoels
722 387 866 431 nnuma,

318 479 440 544 Stansque
450 481 569 530 ieeentem
579 495 606 529 se
617 479 720 549 lueereri
730 480 799 528 urive
810 479 899 529 dolere.

319 559 382 609 Nem
394 561 451 608 siin
462 568 541 609 morte
551 560 665 609 malumst
673 559 745 608 mulis
754 575 887 625 morsuque
897 559 1007 610 serarum

319 640 441 701 hesteri,
451 654 502 687 nun
511 640 607 688 invenie
617 639 666 706 qui
671 653 721 688 nou
731 640 764 688 sit
773 639 887 688 uesrbum

318 719 422 785 Ignibus
432 720 566 783 inpositum
575 719 661 768 calidis
670 725 805 768 torresuere
814 718 919 768 flammis

318 800 373 848 Aut
384 799 408 847 iu
420 799 492 847 melle
502 801 577 848 situm
588 798 701 849 suffocari
710 806 784 863 etque
795 801 876 864 rigere

207 892 213 911 ¹
319 879 428 944 Frigore,
439 894 494 927 cum
505 895 600 928 summe
610 879 685 943 gelidi
694 879 767 928 subet
776 894 881 944 sequere
891 879 954 935 suxi,

320 959 442 1023 Urgerive
452 974 557 1022 superne
567 958 685 1008 obtritum
695 959 802 1023 pondere
811 965 900 1008 terrae.

351 1037 421 1086 ‘Iem
429 1039 478 1086 ium
484 1053 533 1087 nou
540 1038 627 1087 dumus
634 1039 736 1103 accipiet
743 1045 768 1087 te
776 1038 850 1100 luetu,
858 1055 937 1104 neque
943 1056 1010 1092 uxor

319 1118 420 1182 Optime
430 1133 477 1165 nec
488 1117 570 1166 dulees
580 1124 709 1167 decurrent
716 1117 800 1166 useulu
810 1120 863 1168 nuti

318 1197 464 1261 Preeripere
474 1203 500 1246 et
510 1198 587 1246 terite
596 1204 682 1262 peetus
692 1196 820 1263 dulcedipe
829 1204 939 1263 tangent

320 1275 345 1322 N
346 1290 378 1324 on
386 1275 480 1339 poteris
490 1274 562 1324 suetis
572 1274 716 1345 florentibps
726 1289 788 1334 esse,
797 1276 897 1340 tuisque

320 1356 483 1405 Praesidium.
515 1355 609 1404 Misere
619 1356 717 1404 misere’
726 1356 812 1405 eiunt‘
823 1358 906 1406 omniu
916 1358 1009 1409 udemit

320 1436 378 1485 Una
388 1435 441 1484 dies
451 1435 541 1485 infeste
550 1436 596 1484 tibi
607 1441 643 1484 tet
653 1436 763 1500 preemiu
772 1436 855 1486 vitse)

319 1516 385 1565 Illud
395 1517 422 1563 in
432 1515 471 1564 his
482 1516 556 1564 rebus
566 1530 615 1564 uon
626 1515 719 1565 addunt
729 1522 737 1545 ⁴
747 1532 791 1566 nee
802 1517 848 1566 tibi
856 1533 941 1568 eurum

318 1597 373 1645 Iam
383 1595 531 1644 desiderium
541 1610 624 1643 rerum
635 1611 710 1660 super
719 1596 809 1646 insidet
818 1600 886 1647 une)

319 1674 392 1735 Quod
401 1675 463 1724 bene
473 1676 495 1724 si
506 1675 605 1724 videant
614 1675 696 1724 auimo
707 1676 827 1741 dictisque
838 1686 980 1743 sequentur,

318 1756 461 1805 Dissoluent
471 1756 547 1804 enimi
557 1770 648 1820 magno
661 1771 687 1805 ss
698 1771 790 1821 engere
799 1766 924 1822 metuque.

319 1837 326 1861 ‘
338 1834 377 1884 Tu
388 1834 487 1899 quidem
497 1842 526 1885 ut
533 1850 560 1884 es
569 1835 619 1883 leto
630 1836 732 1899 sopitus,
743 1837 778 1884 sie
788 1836 837 1885 eris
847 1838 901 1886 ueri

319 1915 392 1974 Quod
402 1923 514 1979 superest
522 1917 617 1964 eunetis
626 1915 732 1979 privetu’
743 1915 867 1965 doloribus
877 1920 976 1983 negris3

318 1997 356 2044 At
364 2012 408 2045 uos
419 1996 534 2045 horrifico
543 1994 689 2066 cinefactum
699 2001 724 2043 te
734 2009 810 2060 prope
821 1996 893 2046 busto

318 2075 494 2124 Insatiabiliter
503 2073 652 2135 deflevimus,
664 2079 840 2139 aeternumque

319 2154 394 2203 Nullu
404 2154 456 2202 dies
466 2153 536 2203 uobis
546 2167 681 2201 mueronem
692 2159 813 2217 epecture
824 2153 923 2221 demet?

284 2233 383 2303 mulne
393 2233 425 2282 eb
434 2233 481 2295 lqoc
492 2233 570 2298 igitur
580 2232 748 2296 queereuduus
758 2239 807 2294 est,
813 2233 874 2298 quid
885 2235 918 2283 sit
928 2237 1007 2285 umeri
1033 2228 1039 2237 ’

318 2315 398 2362 Tentu
405 2329 487 2377 opere,
495 2313 527 2361 ed
536 2314 676 2362 semnumsi
686 2327 727 2361 res
734 2312 799 2361 redit
808 2320 882 2377 etque
887 2316 1005 2377 quietem,

317 2392 369 2441 Cur
379 2395 510 2457 quisquam
519 2399 618 2441 aeterne
628 2392 707 2456 pessit
717 2392 842 2442 tebeseere
852 2392 927 2443 luctu

347 2473 401 2522 Hee
411 2475 486 2522 etium
497 2473 590 2522 fuciunt
599 2472 642 2521 ubi
652 2471 798 2522 discubuere
808 2480 940 2538 tenentque

316 2550 407 2600 Pueule
417 2567 488 2616 saepe
498 2552 609 2600 homines
618 2560 644 2600 et
654 2551 795 2601 inumbrant
805 2567 850 2601 ore
857 2555 962 2615 coronis,

315 2631 355 2678 Ex
364 2632 445 2679 animo
450 2638 479 2679 ut
485 2631 568 2680 disent
576 2631 670 2680 ‘brevis
678 2630 719 2681 hie
727 2639 765 2681 est
773 2633 868 2681 fruetus
874 2633 1001 2684 homullis.

314 2708 368 2757 Ium
378 2708 454 2758 fuerit
464 2724 544 2772 neque
552 2715 608 2773 pest
618 2724 736 2772 umquem
748 2725 860 2759 revocure
870 2709 969 2761 lieebit’
994 2687 1002 2715 ³

313 2787 449 2852 Tumquem
459 2788 486 2837 in
496 2798 574 2838 morte
584 2788 642 2837 muli
653 2803 709 2838 uum
720 2789 807 2875 primis
814 2790 860 2839 hos
871 2789 1003 2850 uteorum,
