2304 3590
369 376 613 422 ossuumque.
794 396 841 440 345

138 468 266 529 Vincitur,
276 477 303 521 et
312 471 389 536 primi
399 472 507 537 suspirio
518 474 595 523 sentit
604 473 704 522 umoris.

139 550 210 600 Tunc
221 551 364 618 ferrugineo
374 552 489 603 lacrimas
499 554 610 619 detergit
621 554 723 614 amictu,

138 631 172 680 lit
181 631 280 697 placide
288 641 412 683 moestum
422 633 517 684 soletur
525 650 585 684 voce
596 634 705 683 dolorem
714 654 721 682 ι

170 713 280 763 ‘Desine
291 714 397 765 funestis
407 716 525 775 animum,
535 715 694 780 Proserpina,
704 716 779 774 curis,

136 797 171 847 Et
179 814 245 848 veno
255 814 348 848 vexare
359 806 437 850 metu.
471 798 571 849 Maiore
581 799 709 849 dabuntur

138 878 309 944 Sceptrn„nec
317 879 416 944 indigni
425 879 513 930 tnedcs
524 882 622 945 petiere
632 881 726 930 meriti.

137 959 185 1009 Ille
196 975 244 1026 ego
255 959 359 1010 Saturni
370 959 460 1025 proles,
471 962 512 1010 cui
523 961 639 1010 mechins
649 976 733 1010 rerum

140 1040 232 1103 Servit‚
241 1048 268 1091 et
275 1043 423 1091 immensum
433 1041 513 1091 tendit
523 1057 569 1107 per
579 1044 653 1091 innne
662 1049 781 1107 potestus.

139 1122 269 1171 Amissum
280 1139 311 1171 ne
322 1122 395 1171 erede
406 1122 486 1172 diem:
506 1130 565 1172 sunt
575 1122 656 1172 altere
665 1122 737 1172 nobis

140 1202 237 1266 Sidere,
247 1212 307 1273 sunt
317 1204 391 1253 orbes
401 1203 462 1255 aliie
479 1202 615 1268 lumenque
625 1203 720 1253 ridebis

140 1283 250 1349 Purius3
265 1283 429 1349 Elysiumque
439 1286 520 1350 magis
530 1284 653 1333 mirabere
664 1284 748 1345 solem,

141 1363 307 1430 Gultcresque
317 1367 379 1431 pios
412 1364 469 1414 Illic
480 1366 612 1431 pretiosior
623 1374 700 1425 setes,

142 1449 230 1495 Aureo
239 1447 380 1513 progenies,
391 1445 524 1498 habitanti
540 1461 686 1511 semperque
697 1454 818 1505 tenemus,

141 1527 216 1587 Quod
227 1514 317 1593 Superi
326 1543 440 1577 meruere
450 1527 535 1578 semel.
569 1527 623 1576 Nec
633 1526 718 1576 mollia
729 1526 821 1576 desunt

141 1609 219 1658 Prote
230 1609 282 1658 tibi
316 1608 440 1674 Zephyris
448 1608 500 1659 illic
509 1609 653 1658 melioribus
663 1608 749 1658 belant

142 1690 261 1756 Perpetui
270 1690 354 1754 flores,
365 1706 428 1754 quos
438 1706 485 1739 nec
495 1698 540 1740 tua
549 1690 654 1755 protulit
665 1689 763 1739 Hennn

143 1773 190 1821 Est
200 1775 277 1823 etiam
287 1772 350 1823 lucis
361 1773 437 1823 orbor
447 1772 578 1837 praedives
590 1773 682 1837 opacis,

143 1853 279 1919 Fulgentes
290 1854 363 1903 viridi
373 1869 457 1903 remos
467 1861 572 1903 curvate
582 1853 691 1903 metullo.

144 1934 214 1984 Hsec
224 1934 271 1983 ubi
281 1950 353 1984 sucre
362 1934 450 1984 detur:
469 1935 675 1998 fortunatumque
685 1933 781 1982 tenebis

144 2019 311 2078 Autumnum,
321 2023 349 2066 et
358 2016 433 2066 inlris
445 2031 544 2081 semper
554 2015 667 2065 ditabere
678 2016 765 2080 pomis.

176 2098 260 2147 Pnrvs
277 2097 372 2163 loquor.
402 2096 532 2162 Quidquid
546 2095 658 2161 liquidus
675 2095 848 2161 complectitur

241 2195 295 2239 ser,

146 2256 275 2322 Quidquid
283 2257 328 2307 elit
335 2257 417 2317 tellus,
424 2256 545 2322 quidquid
554 2257 614 2306 solis
622 2271 732 2320 sequere
739 2264 852 2319 verrunt,

146 2337 220 2400 Quod
231 2337 301 2388 durii
313 2338 423 2397 volvunt,
435 2339 501 2403 quod
513 2340 641 2388 nutrivere
651 2338 764 2402 paludes,

146 2420 244 2470 Cuncta
256 2421 306 2470 tuis
316 2421 410 2485 puriter
419 2420 508 2469 cedent
517 2420 635 2469 animulis
645 2421 739 2485 regnis,

146 2501 242 2551 Lunnri
253 2501 365 2551 subiecto
374 2500 458 2565 globo,
468 2501 513 2565 qui
523 2501 642 2565 septimus
658 2516 734 2550 sures

147 2583 245 2643 Ambit,
255 2589 281 2633 et
291 2583 401 2633 oeternis
411 2582 527 2632 mortalia
536 2588 637 2648 separet
648 2583 731 2631 nstris

179 2664 232 2714 Sub
244 2673 288 2715 tus
297 2664 418 2729 purpurei
427 2664 526 2713 venient
535 2663 641 2728 vestigia
651 2678 730 2728 reges,

148 2747 268 2813 Deposito
278 2745 350 2807 luxu,
361 2744 436 2795 turbe
447 2759 504 2794 cum
514 2759 623 2809 paupers
634 2744 711 2795 misti.

149 2826 239 2876 Omnis
249 2841 317 2876 mors
328 2833 428 2891 nequet.
463 2823 504 2874 Tu
513 2824 662 2875 demnatum
673 2833 788 2876 nocentes
794 2845 803 2890 ς
