2310 3592
349 406 607 453 ‘nonninus
685 444 687 447 ,
800 424 847 471 17³

134 504 249 554 Demitto
260 503 396 561 auriculas,
407 511 437 553 ut
448 505 549 569 iniquae
560 505 651 552 mentis
661 502 763 563 asellus,

133 584 200 635 Cum
210 587 314 651 gravius
325 586 400 634 dorso
411 586 490 635 subiit
499 600 569 635 onus.
603 584 696 649 Incipit
707 584 747 634 ille

133 673 142 695 ⁴
153 666 180 715 Si
192 667 256 716 bene
267 683 308 715 me
321 668 387 724 novi,
398 682 449 716 non
463 667 568 716 Viscum
578 666 659 731 pluris
668 667 783 724 amicum,

134 746 195 796 Non
205 747 314 795 Varium
325 747 417 797 facies:
436 763 494 796 nam
506 748 563 812 quia
574 763 614 795 me
626 747 735 796 scribere
745 747 829 812 piures

135 828 193 877 Aut
204 829 279 878 citius
290 830 370 893 possit
381 829 490 878 versus?
507 829 564 892 quia
575 829 688 877 membra
698 844 797 877 movere

135 909 261 959 Mollitia?
278 910 390 959 invideat
398 911 465 974 quud
475 920 502 959 et
512 910 685 976 Hermogenes
694 925 740 975 ego
748 914 838 959 cante!

137 990 323 1054 Interpeliandi
334 990 404 1040 locus
414 993 454 1040 hic
466 1000 533 1041 eret:
552 992 615 1040 ‘Est
626 990 672 1040 tibi
683 999 773 1053 mater,

136 1073 254 1139 Cognati,
272 1072 329 1137 quis
345 1081 371 1122 te
387 1073 455 1123 salvo
469 1083 507 1122 est
523 1073 619 1139 cpua?’
652 1072 750 1121 '‘Haud
764 1073 827 1121 mihi

234 1155 383 1218 quisquam:

139 1234 226 1283 Omnis
237 1236 382 1300 composui?
414 1234 541 1284 ‘Feliceai
558 1234 633 1284 Nunc
643 1250 692 1300 ego
701 1241 777 1283 resto.

138 1314 252 1367 Conficez
269 1332 378 1381 namque
389 1316 466 1364 instat
476 1316 557 1365 fatum
567 1316 631 1365 mihi
641 1317 724 1377 triete,
737 1313 836 1364 Sabella

140 1396 213 1456 Quod
225 1414 305 1462 puero
315 1398 406 1447 cecinit
415 1398 499 1446 divina
509 1404 577 1446 mcta
588 1413 650 1446 anus
661 1412 737 1446 urna:

139 1477 212 1527 Hunc
222 1495 304 1543 neque
315 1479 371 1528 dira
379 1494 484 1541 venena,
492 1495 537 1528 nec
545 1478 656 1528 hosticus
664 1478 761 1527 auferet
770 1480 846 1538 ensis,

140 1560 191 1609 Nec
202 1560 311 1609 laterum
322 1559 393 1608 dolor
405 1568 449 1608 aut
459 1560 546 1622 tussis,
556 1576 602 1609 nec
613 1560 686 1608 tarda
697 1559 821 1626 podagra:

141 1641 263 1691 Garrulus
271 1641 338 1689 hunc
345 1640 444 1704 quando
451 1649 578 1690 consumet
584 1656 705 1704 cumquez
722 1641 846 1705 loquaces,

145 1722 170 1772 Si
181 1724 271 1788 sapiat,
282 1725 353 1783 vitet,
366 1722 440 1771 simul
451 1730 527 1787 atque
538 1723 673 1772 adoleverit
684 1727 769 1771 aetaass'

141 1804 250 1854 Ventum
261 1812 319 1853 erat
329 1804 361 1852 ad
372 1804 477 1865 Vestae,
489 1811 580 1869 quarta
592 1806 642 1852 iam
652 1811 725 1868 parte
735 1804 785 1854 diei

141 1885 288 1948 Praeterita,
300 1893 326 1934 et
336 1901 396 1934 cusu
407 1893 467 1934 tunc
477 1885 628 1950 respondere
639 1886 729 1934 vadato

143 1963 253 2013 Debebet
262 1983 270 2028 3
288 1962 355 2027 quod
365 1963 392 2011 ni
403 1962 510 2025 fecisset,
520 1963 624 2028 perdere
635 1964 714 2013 litem.

141 2043 182 2093 ‘Si
198 2061 238 2093 me
254 2044 342 2100 amaa,'
357 2044 448 2108 inquit,
465 2044 585 2108 ‘paulum
602 2045 643 2094 hic
660 2045 739 2094 ades)
780 2045 834 2093 ‘In-

233 2133 339 2187 teneam,
351 2125 372 2173 ei

143 2206 196 2256 Aut
205 2207 278 2256 valeo
289 2214 356 2256 stare
367 2213 411 2255 aut
421 2207 479 2255 novi
489 2206 571 2255 civilia
581 2209 650 2256 iura:

144 2287 175 2337 Et
184 2304 291 2354 propero
303 2303 354 2351 quc
365 2288 432 2336 scis!
466 2287 580 2336 ‘Dubius
592 2304 655 2345 sum,
668 2288 729 2352 quid
740 2281 846 2352 faciam,'

235 2370 327 2433 inquit,

144 2448 228 2499 ‘Tene
241 2449 383 2514 relinquam
402 2450 515 2498 aurem?
553 2449 624 2512 ‘Me,
641 2451 730 2501 sodes!
770 2452 844 2503 ‘Non

236 2531 341 2580 faciam’
354 2529 405 2593 ille,

145 2609 422 2678 Etpraecedereccepit.
448 2613 846 2678 Ege‚utc0ntenderedurumest

144 2689 418 2758 Cumvictere,eequor.
440 2694 588 2744 ‘Maecenas
595 2696 719 2759 quomodo
726 2704 808 2746 tecum
818 2700 846 2747 θ’

145 2771 210 2821 Hinc
220 2776 323 2840 repetit:
342 2778 493 2840 ‘paucorum
508 2776 636 2826 hominum
646 2780 768 2829 etmcntia
783 2780 845 2830 bene

240 2858 332 2906 sanae!
848 2861 849 2865 ’
