2310 3592
383 372 562 420 LUCANUS.
787 386 832 433 2⁵5

130 469 219 519 Tertia
227 470 278 521 iam
288 469 393 536 gravido
403 469 520 534 pluvialis
530 468 641 533 Cynthia
650 481 736 529 eomu,

130 549 165 599 Et
175 550 284 599 madidis
294 550 359 599 Euri
369 550 493 600 resolutae
503 550 605 600 flatibus
615 548 703 613 Alpes.

130 629 233 680 Primus
244 631 271 680 in
280 631 409 697 obliquum
419 633 517 707 sopipes
528 629 661 696 opponitur
671 640 779 687 amnem,

130 712 292 777 Exeepturus
302 727 397 777 aquas:
415 711 549 763 mollitum
560 717 643 760 uetera
653 708 749 772 rumpit

130 792 218 842 ‘liuba
228 792 293 842 vado
303 792 389 842 faciles
399 793 450 841 iam
460 792 536 842 fiauti
545 792 655 840 fluminis
666 790 755 839 undas.

132 874 225 924 Caesar
234 880 264 923 ut
274 874 413 936 adversam,
425 882 543 939 superato
553 873 661 940 gurgite,
672 873 754 937 ripam

134 955 239 1021 Attigit,
249 956 389 1020 Hesperiae
401 956 485 1005 vetitis
496 963 522 1004 et
532 955 644 1005 constitit
655 956 737 1004 arvis:

132 1041 139 1065 ‘
151 1037 218 1097 Hie,'
228 1037 275 1099 ait,'
285 1036 342 1085 ‘hie
354 1051 439 1101 paeem
450 1043 619 1100 temerataque
629 1037 687 1085 iura
695 1036 824 1104 relinquo3

133 1118 178 1181 Te,
194 1118 318 1176 Fortuna,
335 1133 435 1182 sequor.
476 1117 568 1167 Procul
584 1117 642 1167 hinc
658 1119 709 1167 iam
724 1119 825 1170 foedera

230 1208 314 1250 sunto.
509 1218 512 1223 ·

134 1279 290 1333 Credidimus
301 1282 371 1332 fatis.
405 1281 534 1332 Utendum
544 1288 583 1332 est
594 1282 674 1331 iudiee
684 1282 767 1333 bello.¹

655 1380 677 1413 v.
691 1367 801 1415 lut-227.

424 1594 554 1631 ouxxmt.

380 1703 479 1758 Boutae
492 1703 582 1756 luctus.

234 2081 323 2129 urbem

136 2161 277 2212 Iustitiam:
295 2159 370 2209 latuit
379 2158 476 2224 plebeio
485 2166 566 2209 tectus
577 2161 671 2209 amictu

136 2242 223 2293 Omnis
234 2243 327 2293 honosz
345 2241 426 2290 nullus
437 2243 556 2290 comitata
564 2250 603 2291 est
614 2257 727 2307 purpura
736 2243 823 2292 fasces.

138 2326 207 2376 Tune
218 2331 324 2388 questus
333 2329 436 2373 tenuere
447 2338 513 2383 suos,
524 2339 679 2389 magnusque
688 2339 734 2389 per
744 2339 830 2374 omnes

137 2406 248 2457 Errabat
260 2408 315 2456 sine
326 2420 386 2454 voce
397 2404 476 2456 dolor.
513 2403 554 2454 Sic
564 2405 652 2455 funere
662 2407 744 2471 primo

137 2488 271 2538 Attonitae
283 2495 385 2536 tacuere
396 2486 492 2550 domus,
503 2494 561 2536 cum
568 2503 675 2552 corpora
684 2488 795 2538 noudum

139 2568 302 2619 Conclamata
312 2569 404 2631 iacent,
414 2583 461 2618 nee
471 2576 552 2617 mater
562 2570 632 2618 erine
643 2569 725 2619 soluto

139 2651 228 2717 Exigit
238 2651 272 2701 ad
283 2666 371 2700 saevos
381 2650 532 2699 famularum
543 2651 646 2700 brachia
656 2650 786 2716 plauctus:

144 2730 190 2782 Sed
200 2749 257 2783 eum
268 2732 382 2781 membra
392 2733 485 2798 premit
496 2731 608 2797 fugiente
620 2733 730 2798 rigentia
740 2734 800 2792 vita,

141 2811 281 2879 Vultusque
295 2814 434 2870 exanimes,
447 2812 580 2876 oculosque
591 2814 617 2863 iu
628 2821 708 2864 morte
719 2822 843 2873 natantes,
