2310 3592
329 410 376 453 216
479 403 713 445 ANTHOLOOIA
741 404 886 445 LATINA.

329 498 396 546 Dum
405 498 503 562 loquor,
514 499 622 547 increvit
631 497 690 547 latis
701 498 835 561 spatiosius
846 498 930 554 undis,

361 578 413 627 Nec
423 580 492 644 uspit
501 578 622 628 admissus
633 579 718 628 alveus
727 578 793 626 ultus
804 593 890 642 aquus.

328 657 396 719 Quid
405 674 512 716 meeum,
521 659 622 720 furioso,
633 659 700 708 tibi?
717 658 779 724 quid
788 657 967 708 mutusdiffsrs

361 739 482 790 Gsudia?
500 740 561 805 quid
571 751 695 806 «mptum,
706 742 807 797 rustice,
818 742 916 804 rumpis
925 739 990 789 itur?

329 819 404 881 Quid,
415 823 437 869 si
450 821 586 887 legitimum
598 821 697 883 fluores,
708 823 730 870 si
740 821 822 870 nobile
831 821 933 881 flumsn,

362 900 390 950 Si
400 902 446 951 tibi
456 918 502 966 per
512 910 593 950 terras
603 904 714 951 maxims
724 902 791 951 sums
802 902 888 952 toret?

328 982 424 1031 Nomen
436 983 512 1032 habes
523 983 627 1045 nullum,
637 983 698 1031 rivis
708 983 809 1033 collecto
820 983 930 1043 osduois,

362 1063 414 1112 Neu
426 1064 471 1113 tibi
483 1064 641 1121 mutientes,
653 1081 698 1114 neo
709 1065 756 1113 tibi
766 1075 836 1114 certo
846 1065 941 1114 domus.

327 1145 415 1195 Fontis
426 1147 502 1195 habes
513 1148 593 1209 instflr
603 1146 762 1211 pluviumque
773 1149 892 1210 nivesque
903 1145 999 1204 solutus,

361 1227 430 1287 Quas
440 1227 488 1277 tibi
497 1226 597 1276 divitius
608 1228 682 1292 pigro
692 1229 818 1276 ministrat
828 1227 931 1292 hiemps

328 1307 383 1356 Aut
393 1308 531 1357 tutuientns
541 1309 596 1373 ogis
606 1308 714 1357 brumali
726 1318 836 1372 temporo
844 1323 941 1365 cursus,

358 1388 414 1438 Aut
424 1390 517 1455 premis
527 1397 639 1439 urentem
649 1388 836 1454 pulverulentus
847 1389 959 1438 humum.

327 1471 391 1530 Quis
402 1479 427 1521 ts
437 1479 492 1520 tum
502 1476 585 1538 potuit
592 1473 679 1521 sitiens
689 1471 791 1520 haurire
800 1471 899 1521 viator?

360 1553 423 1611 Quis
435 1552 500 1601 dixit
511 1560 585 1618 gruta
595 1568 654 1602 vooe
664 1555 671 1580 ‘
681 1554 796 1617 perennis
807 1568 849 1601 eus
859 1553 884 1600 i'

326 1633 468 1683 Damnosus
478 1635 561 1699 peoori
571 1635 661 1696 curris,
672 1634 813 1682 damnosior
824 1634 900 1698 agris.

358 1716 475 1765 Forsitan
485 1716 546 1765 haec
556 1715 628 1773 alios,
638 1732 678 1764 me
690 1732 745 1765 mes
756 1715 847 1763 dsmnn
856 1723 960 1764 movent

325 1795 392 1845 Huic
410 1812 536 1863 ego-uss
552 1796 833 1846 demensi-numbam
845 1797 971 1845 fluminum

422 1893 520 1927 umores
529 1878 542 1927 i

358 1957 467 2007 Isctssss
477 1957 578 2024 indigns
589 1958 690 2007 nomina
701 1965 772 2007 tantu
782 1958 867 2022 pudet.

326 2038 417 2089 Nescio
432 2055 506 2103 quem
520 2039 587 2089 huno
604 2046 718 2105 spectans
733 2039 864 2088 Acheloon
880 2045 906 2088 st
918 2037 1019 2087 Inachon

420 2136 519 2170 amnem

362 2202 396 2250 Et
407 2203 479 2267 potui
488 2218 587 2261 nomen,
598 2202 665 2264 Nile,
676 2202 770 2251 referre
782 2203 874 2252 tuum?

322 2283 416 2333 stubi
427 2299 473 2349 pro
483 2285 587 2346 meritis,
597 2291 666 2348 opto,
677 2300 726 2333 non
737 2283 841 2332 usndids
852 2291 956 2344 torrens,

362 2364 419 2415 Sint
428 2366 509 2432 rapidi
522 2366 584 2415 soles
595 2368 709 2430 siccaque
719 2382 817 2432 semper
827 2365 931 2429 hiemps.

801 2450 856 2497 Lib.
869 2448 907 2496 iii.
918 2450 978 2510 Eleu
992 2443 1021 2491 ui.

589 2640 759 2759 soto-1>
