2320 3590
380 417 572 460 nourrius
647 406 649 413 ’

458 593 501 629 CX.

295 699 342 752 Ad
358 701 497 754 Caesarem
511 699 665 771 Augustam.

251 829 376 878 USTUM
386 838 412 879 et
422 838 533 879 tenacem
546 830 666 894 propositi
678 831 759 878 virum

267 911 325 959 Non
336 913 426 960 civium
436 911 512 960 ardor
523 927 601 976 prava
612 911 759 972 iubentium,

300 988 358 1037 Nou
367 989 451 1039 vultus
462 991 578 1039 instantis
588 989 691 1053 tyranni

337 1072 423 1120 Mente
435 1074 516 1138 quatit
527 1071 606 1121 solida
617 1087 698 1136 neque
710 1080 802 1133 auster,

193 1152 254 1200 Dux
265 1151 371 1214 inquieti
383 1152 498 1200 turbidus
508 1151 619 1200 Hadriae

193 1233 246 1282 Nec
258 1232 412 1281 fulminantis
423 1224 613 1298 magnesianus
625 1231 706 1280 Iovis:

226 1314 253 1363 Si
265 1314 360 1362 fractus
371 1313 489 1364 illabatur
499 1315 575 1374 orbis,

257 1394 406 1459 Inpavidum
418 1395 508 1444 ferient
519 1397 614 1445 ruinae.

195 1478 250 1526 Hac
261 1486 315 1526 arte
326 1476 417 1525 Pollux
429 1485 455 1526 et
465 1493 545 1542 vagus
556 1477 677 1526 Hercules

195 1559 287 1607 Enisus
297 1573 366 1606 arces
376 1559 463 1623 attigit
473 1560 569 1624 igneas,

226 1639 295 1700 Quos
306 1641 372 1688 inter
384 1639 516 1705 Augustus
526 1641 672 1690 recumbens

257 1721 389 1784 Purpureo
399 1721 468 1770 bibet
478 1737 521 1770 ore
532 1729 627 1770 nectar.

195 1802 249 1850 Hae
259 1811 284 1850 te
295 1811 440 1864 merentem,
455 1803 550 1851 Bacche
561 1811 640 1867 pater,
652 1811 710 1850 tuae
762 1839 764 1843 «

196 1883 297 1931 Venere
306 1884 385 1947 tigres
396 1883 495 1931 indocili
506 1885 594 1948 iugum

226 1963 296 2014 Collo
308 1964 445 2020 trahentes,
458 1964 506 2013 hac
516 1964 637 2024 Quirinus

259 2046 352 2094 Martis
362 2046 434 2108 equis
445 2046 591 2095 Acheronta
600 2047 675 2111 fugit,

196 2125 300 2175 Gratum
312 2126 408 2175 elocuta
419 2127 606 2176 consiliantibus

196 2206 289 2256 Iunone
299 2208 386 2257 Divis:
403 2209 410 2234 ‘
422 2207 497 2270 Ilion,
508 2209 573 2257 Ilion

226 2288 319 2338 Fatalis
329 2291 488 2353 incestusque
500 2289 576 2338 iudex

261 2370 291 2418 lit
302 2370 391 2417 mulier
402 2371 535 2435 peregrino
547 2373 621 2420 vertit
637 2403 641 2409 -

197 2448 226 2496 In
236 2451 370 2514 pulverem,
382 2467 414 2499 ex
426 2467 476 2516 quc
487 2451 602 2501 destituit
612 2452 670 2501 deos

199 2529 309 2581 Mercede
320 2541 396 2597 pacta
407 2532 557 2591 Laomedon,
568 2534 629 2583 mihi

227 2611 364 2679 (lassaeque
374 2614 519 2663 damnatum
530 2615 669 2677 Minervae,

258 2694 321 2745 Cum
332 2696 424 2769 populo
434 2704 460 2746 et
471 2697 533 2746 duce
544 2697 710 2748 fraudulento.

196 2772 247 2822 Iam
258 2792 302 2826 nec
312 2778 443 2826 maenae
456 2778 569 2842 splendet
580 2779 708 2829 adulterae

198 2853 314 2907 Famosus
324 2858 423 2922 hospes,
435 2875 480 2908 nec
492 2858 585 2909 Priami
597 2860 684 2910 domus
