2304 3590
394 411 455 455 STA
462 412 552 455 TIUS.
777 419 823 474 289

122 503 190 553 Hinc
201 503 324 561 homines,
338 504 439 553 tandem
456 505 545 554 dubiae
565 504 646 569 placet
664 504 761 563 umbra,
780 521 823 554 no-

220 600 308 649 viaque

122 665 178 715 Vix
188 667 260 715 stetit
270 666 297 714 in
309 666 384 714 ramis
395 672 421 714 et
430 665 544 729 protinus
555 664 630 713 arbor
640 671 746 715 amatur.

156 747 250 797 Altera
260 747 362 796 oonsilio
373 754 494 811 superest,
505 746 651 810 tristemque
662 746 752 812 fatigat

125 829 194 879 Oura
205 829 286 890 deam,
297 837 385 877 natum
395 829 450 893 ipsa
461 829 519 876 sinu
528 825 656 892 complexa
667 843 713 892 per
721 828 810 889 undas,

126 912 170 960 An
180 926 272 976 magno
283 910 386 958 Tritone
396 910 461 959 ferat
471 915 608 972 ventosque
620 908 731 959 volucres

124 992 249 1051 Advocet,
259 1006 293 1040 an
302 990 392 1056 pelago
402 990 501 1040 solitam
512 989 698 1040 Thaumantida
707 992 783 1056 pasci.

127 1073 202 1122 Elicit
212 1072 270 1122 inde
281 1073 353 1122 fretis
364 1079 391 1121 et
401 1072 496 1121 murice
507 1072 590 1122 frenat
601 1080 674 1122 acuto

129 1154 269 1220 Delphines
280 1154 386 1219 biiuges,
398 1168 460 1218 quos
470 1153 507 1202 illi
518 1155 629 1203 maxima
639 1153 727 1202 Tethis

129 1235 237 1302 Gurgite
248 1235 369 1285 Atlanteo
379 1236 462 1302 pelagi
471 1236 518 1285 sub
527 1236 591 1285 ualle
602 1251 692 1285 sonora

130 1317 268 1368 Nutrierat.
301 1317 384 1367 Nullis
395 1317 460 1367 vada
472 1334 517 1383 per
528 1318 655 1383 Neptunia
665 1319 768 1384 glaucae

132 1399 228 1450 Tantus
239 1399 320 1448 honor
330 1399 423 1448 formae
434 1399 560 1462 nandique
570 1400 690 1464 potentia,
700 1415 746 1448 nec
755 1399 811 1464 plus

132 1482 244 1532 Pectoris
254 1482 373 1546 humani3
391 1481 460 1530 iubet
470 1481 515 1530 hos
526 1481 659 1531 subsistere
670 1481 742 1546 pleno

132 1562 227 1626 Litore,
237 1579 270 1612 ne
279 1563 361 1612 nudae
370 1569 477 1612 noceant
487 1564 603 1628 contagia
612 1570 702 1613 terrae.

133 1644 192 1710 Ipsa
203 1645 294 1693 dehinc
305 1650 357 1693 toto
368 1643 506 1693 resolutum
516 1650 616 1708 pectore
626 1642 751 1692 Achillem
843 1676 845 1682 ·

134 1727 219 1788 —Qui
228 1728 314 1792 pueris
325 1727 563 1791 sopor-Haemonii
573 1726 604 1774 de
615 1725 718 1791 rupibus
728 1728 794 1775 antri

135 1810 178 1858 Ad
188 1808 300 1874 placidas
310 1807 425 1873 deportat
435 1824 513 1873 equas
524 1814 550 1857 et
559 1809 627 1857 iussa
637 1815 719 1857 tacere

136 1891 229 1940 Litora.
242 1945 246 1952 p
264 1888 389 1938 Monstrat
400 1892 448 1939 iter
458 1897 511 1940 toto
522 1905 586 1955 quae
596 1889 700 1938 fulserat
710 1889 770 1938 orbe

137 1971 262 2037 Cynthie3
279 1972 440 2035 prosequitur
450 1971 532 2022 divam
542 1971 684 2034 celeresque
695 1987 810 2021 recursus

139 2050 246 2102 Securus
256 2051 340 2116 pelagi
351 2050 444 2100 Chiron
454 2059 536 2118 rogat,
546 2051 646 2116 udaque
653 2051 721 2117 celat

140 2133 246 2182 humina
253 2139 280 2181 et
290 2132 409 2196 abreptos
421 2122 503 2183 subito
514 2134 564 2183 iam
575 2134 674 2197 iamque
684 2133 789 2182 latentes

140 2216 229 2266 Erecto
240 2221 381 2280 prospectat
391 2231 463 2279 equo,
475 2231 526 2279 qua
535 2231 597 2265 cana
608 2232 741 2281 parumper

144 2297 264 2363 Spumant
276 2296 347 2362 signe
356 2296 431 2362 fugae
442 2305 468 2346 et
477 2298 572 2362 liquido
582 2299 647 2363 perit
658 2298 739 2347 orbita
749 2306 831 2363 ponto.

143 2379 217 2431 Illum
227 2394 278 2428 non
289 2378 351 2427 alias
361 2378 498 2428 rediturum
508 2378 539 2427 nd
551 2378 672 2428 Thessala
684 2378 778 2444 Tempe

144 2461 197 2511 Iam
206 2461 287 2510 tristis
298 2459 399 2518 Pholoe,
410 2461 460 2509 iam
470 2458 569 2510 nubilus
579 2461 683 2526 ingemit
694 2461 799 2527 Othrys,

143 2543 176 2593 Et
186 2543 268 2591 tenuis
281 2540 412 2607 Sperchios
423 2543 494 2606 aquis
505 2542 671 2607 speluncaque
681 2543 748 2593 docti

145 2623 218 2672 Muta
228 2623 301 2674 senis,
334 2621 465 2684 Quaerunt
476 2624 583 2688 puerilia
593 2625 704 2673 carmina
715 2626 805 2687 Fauni,

149 2703 182 2754 Et
193 2710 292 2769 sperata
303 2702 346 2752 diu
355 2703 455 2768 plorant
465 2704 571 2754 conubia
582 2704 724 2770 Nymphae.

664 2803 688 2837 v.
700 2793 814 2838 all-241.

490 2956 509 2990 ΙΙ
