2320 3590
376 416 569 461 uouemus.
641 417 645 423 ’
785 422 828 477 ¹⁶7

155 513 212 574 Qus
222 519 369 563 muneretur
378 520 414 576 te,
425 512 525 578 Priepe,
536 520 563 562 et
573 518 607 573 te,
618 516 690 575 peter

187 594 294 655 silvane,
305 601 376 645 tutor
386 594 481 643 finium.

153 675 227 727 Libet
234 677 316 726 ieoere
326 675 401 727 modo
413 676 459 726 sub
470 677 573 739 entique
583 675 648 734 ilice,

189 757 265 808 Modo
276 758 302 806 in
311 758 394 807 tensoi
405 757 526 823 gremius.

156 841 287 894 Iebuntur
296 843 355 893 eltis
367 843 467 894 interim
478 843 540 908 ripis
550 856 639 907 equee,

189 923 336 986 Queruntur
348 926 375 974 in
386 925 455 975 silvie
468 939 537 986 eves,

156 1005 296 1071 Pontusque
306 1005 418 1072 lymphis
426 1006 573 1070 obstrepunt
582 1004 751 1066 monentibus,

188 1086 293 1137 Somnos
304 1087 372 1153 quod
383 1087 555 1137 inritetleree.

156 1168 194 1218 At
202 1184 259 1218 eum
270 1169 381 1218 tonantis
392 1183 474 1217 eunus
484 1166 604 1216 bibemus
616 1164 684 1214 ioris

187 1248 284 1299 Imbres
295 1250 416 1314 nivesque
427 1248 565 1313 comperet,

156 1329 210 1381 Aut
219 1330 301 1381 trudit
310 1331 376 1380 eoois
386 1330 444 1379 bino
455 1338 481 1379 et
491 1329 549 1378 bino
560 1327 640 1378 multe
650 1343 711 1378 eene

188 1412 274 1479 Apros
284 1412 311 1461 in
321 1411 446 1462 obstantis
456 1410 554 1476 pleges,

158 1493 212 1543 Aut
221 1494 300 1543 emite
311 1492 359 1542 levi
370 1508 430 1543 rere
440 1492 521 1542 tendit
531 1493 603 1552 retis,

189 1574 283 1625 Turdis
293 1574 411 1624 edeeibus
422 1574 500 1634 dolos,

157 1646 327 1720 Peridumque
339 1655 447 1721 leporem
458 1663 484 1705 et
494 1655 615 1704 advenum
625 1653 715 1717 lequeo
726 1667 814 1718 gruem

189 1736 305 1787 Iucunds
315 1743 401 1802 enptet
411 1736 530 1802 praemio„

159 1817 220 1879 Quis
230 1834 282 1869 non
291 1818 422 1880 melorum,
434 1833 497 1881 ques
508 1833 578 1867 emor
588 1832 661 1866 cures
672 1815 757 1877 hebet,

191 1899 262 1950 Hseo
274 1901 341 1949 inter
353 1897 527 1948 obliviscitur?

159 1978 252 2040 Quodsi
262 1978 355 2045 pudiee
364 1978 453 2027 mulier
463 1979 490 2026 in
501 1985 598 2043 portem
608 1977 679 2025 iuvet

189 2061 300 2112 Domum
311 2068 386 2126 etque
397 2059 482 2109 duloes
493 2059 593 2120 liberos,

160 2142 252 2192 Sabine
263 2141 345 2207 qualis
356 2149 401 2191 eut
411 2148 515 2206 peruste
526 2141 620 2190 solibus

190 2223 303 2274 Perniois
314 2238 380 2272 uxor
391 2221 481 2288 Apuli,

161 2303 263 2354 Seerum
274 2303 380 2353 vetustis
390 2309 493 2352 extruet
503 2301 579 2368 lignis
589 2301 671 2351 focum

191 2383 265 2435 [essi
276 2384 323 2434 snb
333 2383 467 2433 adventum
479 2384 534 2440 viri,

161 2467 334 2533 Oleudensque
344 2467 423 2517 textis
433 2466 543 2516 eretibus
554 2466 648 2516 loetum
659 2479 735 2530 pecus

193 2547 309 2599 Distento
319 2548 395 2598 eiooet
405 2548 493 2606 ubere,

163 2628 196 2678 Et
205 2629 283 2680 horne
291 2627 358 2679 dulei
368 2629 426 2677 vine
436 2643 553 2694 promens
563 2626 638 2689 dolio,

194 2708 277 2776 Depes
285 2710 411 2775 inemptos
421 2715 527 2774 apparet
535 2729 543 2759 r

167 2788 219 2841 Non
228 2807 268 2841 me
278 2791 392 2841 Lucrino
403 2791 511 2841 iuverint
521 2788 652 2854 oonobylia

196 2872 309 2940 Megisre
319 2871 442 2922 rhombus
451 2880 497 2922 eut
507 2872 580 2931 soeri,
