2304 3590
330 403 376 458 278
473 395 707 438 ANTHOLOGIA
735 394 881 436 LATINA.

393 491 426 539 Et
436 491 514 541 dixit:
534 494 542 518 ‘
552 490 619 539 Puer
630 507 645 539 0
657 490 736 540 dicate
747 489 838 551 Musis,

392 573 537 638 Longaevos
546 574 596 622 cito
608 574 742 621 transiture
752 579 830 632 vates,

393 654 451 704 Non
462 663 490 704 tu
501 654 613 711 flumina,
624 670 670 703 neo
680 669 770 719 greges
780 653 900 712 ferarum,

394 735 448 784 Neo
458 735 553 800 plectro
564 735 665 785 Getieas
676 734 785 784 movebis
796 748 879 788 ornos,

394 817 442 866 Sed
454 824 548 882 septem
560 818 631 882 iuga,
641 817 813 880 Martiumque
824 814 930 875 Tibrim,

393 901 426 949 Et
436 900 521 949 doctos
531 900 627 963 equites
637 907 663 948 et
673 898 803 962 eloquente

393 982 476 1033 Cantu
487 996 640 1045 purpureum
652 980 736 1030 trabes
747 987 867 1028 senatum.

759 1074 781 1105 v.
796 1061 843 1107 1-4.
876 1073 900 1106 v.
916 1056 992 1105 19-47.

427 1161 441 1186 ἢ
549 1160 563 1187 0
672 1159 686 1186 Ι
795 1158 809 1185 ss
918 1157 932 1183 1

393 1222 456 1270 Mox
466 1228 553 1286 coepta
563 1224 706 1287 generosior
716 1222 817 1270 iuventa

393 1304 474 1353 Albos
485 1305 581 1353 ossibus
591 1304 663 1354 Italis
674 1304 803 1369 Philippos

393 1387 428 1435 Et
438 1386 582 1435 Pharsalica
593 1386 659 1436 bella
669 1386 806 1447 detonabis,

395 1465 468 1525 Quod
480 1467 573 1516 fulmen
583 1468 654 1517 ducis
665 1469 729 1516 inter
740 1483 811 1516 erma
821 1468 882 1529 divi,

392 1548 520 1598 Libertate
531 1565 632 1614 gravem
643 1551 685 1614 pia
696 1549 827 1610 Catonem,

393 1631 428 1680 Et
439 1639 539 1696 gratum
549 1632 716 1696 popularitate
726 1631 859 1694 Magnum.

397 1712 437 1760 'ru
448 1712 571 1761 Pelusiaci
585 1712 665 1762 scelus
677 1713 772 1777 Canopi

396 1794 507 1843 Deflebis
518 1796 575 1859 pius
586 1803 612 1844 et
622 1795 707 1844 Pharo
717 1801 821 1843 eruenta

394 1876 513 1941 Pompeio
523 1877 594 1926 dabis
604 1877 680 1926 altius
690 1876 838 1941 sepulerum.
893 1886 896 1899 ¹

427 1956 515 2008 ‘Haeo
525 1961 606 2023 primo
617 1959 712 2008 iuvenis
722 1973 797 2006 eenes
808 1958 855 2007 sub
866 1972 925 2006 aevo

394 2041 463 2090 Ante
474 2057 551 2090 annos
562 2040 646 2090 culleis
657 2041 805 2089 Maroniani.

394 2122 472 2173 Cedet
482 2122 559 2171 Musa
569 2122 639 2171 rudis
648 2122 737 2171 ferreis
747 2122 815 2170 Enni

394 2204 427 2253 Et
437 2203 503 2252 dooti
514 2204 584 2253 furor
595 2202 687 2252 arduus
699 2202 807 2264 Lucreti,

392 2285 427 2334 Et
437 2286 481 2349 qui
491 2301 536 2350 per
544 2286 609 2334 freta
619 2285 693 2333 duxit
704 2287 876 2349 Argonautas,

394 2367 427 2416 Et
438 2368 482 2430 qui
493 2382 598 2431 corpora
606 2367 689 2431 prima
698 2365 870 2430 transfigurat.

395 2447 464 2507 Quid
473 2449 554 2496 maius
565 2447 673 2511 loquor?
706 2447 766 2512 Ipsa
776 2453 801 2494 te
812 2445 908 2496 Latinis

392 2529 486 2578 Aeneis
495 2529 654 2578 venerabitur
664 2536 799 2578 canentem.

812 2625 836 2658 v.
852 2611 931 2657 64-80.

430 2709 443 2736 1
553 2707 567 2736 1
678 2709 692 2737 U
800 2706 814 2736 ί
919 2705 933 2732 0

427 2772 466 2822 ‘0
478 2787 566 2820 saevae
575 2772 680 2821 nimium
691 2786 829 2837 gravesque
842 2768 946 2819 Pareae!

395 2851 418 2901 Ο
429 2867 566 2917 numquam
577 2853 636 2902 duta
644 2853 696 2902 fata
706 2852 782 2917 longa
793 2850 908 2901 summis!
