2320 3590
388 381 593 425 VERGILIUS.
797 400 839 445 ¹²5

133 475 247 541 Stuppea
257 475 359 524 flamma
369 491 446 524 manu
457 476 563 541 telisque
574 476 676 527 volatile
686 477 780 526 ferrum

133 557 285 623 Spargiturr
305 573 366 607 arva
377 573 442 606 nova
453 557 581 623 Neptunia
592 558 667 608 caede
677 558 820 609 rubescunt.

134 640 234 705 Regina
244 640 271 687 in
281 639 370 688 mediis
380 639 463 704 patrio
473 646 546 689 vocat
556 640 658 705 agmina
670 640 745 688 sistro
755 658 762 689 ε

134 720 248 770 Necdum
259 722 335 770 etiam
347 720 458 785 geminem
470 736 486 769 a
495 727 568 786 tergo
579 721 681 785 respicit
691 719 788 785 anguis.

134 802 354 867 omnigenumque
364 800 438 849 deum
448 808 561 850 monstra
571 808 597 850 et
606 800 713 850 latrator
723 801 824 851 Anubis

134 882 230 932 Contra
237 881 385 947 Neptunum
391 887 417 930 et
423 880 549 930 Venerem
557 889 694 945 contraque
702 881 842 931 Minervam

135 964 198 1012 Tela
209 970 301 1012 tenent.
336 961 421 1011 Saevit
432 962 514 1012 medio
525 964 552 1012 in
561 964 695 1012 certamine
706 963 809 1013 Mavors

135 1045 253 1096 Caelatus
264 1044 340 1106 ferro,
352 1044 485 1108 tristesque
496 1060 529 1092 ex
539 1044 639 1094 aethere
649 1045 743 1109 Diraa;

135 1127 170 1175 Et
179 1126 257 1175 scissa
268 1125 380 1190 gaudens
391 1125 460 1174 vadit
469 1125 602 1174 Discordia
611 1124 687 1189 palla,

136 1208 220 1268 Quam
230 1223 288 1256 eum
300 1207 437 1273 sanguineo
448 1207 561 1271 sequitur
571 1206 675 1256 Bellona
685 1205 791 1272 flagello.

137 1292 228 1341 Actius
239 1291 301 1340 haee
312 1305 416 1339 ueniens
427 1306 513 1340 areum
523 1290 670 1339 intendebat
682 1288 776 1355 Apollo

137 1375 266 1438 Desuper:
285 1373 367 1421 omnis
377 1382 407 1421 e'o
418 1379 515 1422 terrore
528 1373 664 1437 Aegyptus
674 1380 700 1421 et
710 1372 777 1434 Indi,

138 1459 226 1508 Omnis
236 1457 333 1519 Arabs,
345 1472 430 1506 omnes
441 1456 571 1505 vertebant
582 1464 655 1521 terga
668 1456 766 1506 Sabaei.

138 1542 197 1605 Ipsa
207 1538 340 1588 videbatur
350 1538 431 1586 ventis
442 1539 530 1602 regina
540 1539 635 1586 vocatis

136 1621 202 1671 Vela
213 1621 284 1683 dare,
294 1627 321 1669 et
331 1619 403 1669 laxos
414 1619 465 1668 iam
476 1620 575 1683 iamque
585 1620 711 1669 inmittere
722 1619 797 1669 funis.

138 1701 211 1751 Illam
222 1702 290 1750 inter
300 1699 388 1749 caedes
399 1699 532 1764 pallentem
543 1706 623 1748 morte
633 1698 720 1750 futura
812 1746 815 1751 .

139 1778 245 1829 Fecerat
254 1778 403 1844 Ignipotens
413 1777 487 1826 undis
497 1784 523 1826 et
533 1777 630 1842 iapyge
640 1778 701 1826 ferri
710 1798 718 1843 3

139 1857 233 1907 Contra
243 1864 329 1906 autem
339 1871 431 1920 magno
440 1860 592 1904 maerentem
601 1870 704 1920 corpore
715 1854 810 1918 Nilum,

138 1933 341 1996 Pandentemque
352 1934 422 1982 sinus
432 1939 458 1981 et
470 1939 524 1982 tota
533 1940 601 1982 veste
613 1939 741 1982 vocantem

138 2010 286 2061 Caeruleum
296 2011 323 2058 in
332 2010 456 2076 gremium
464 2008 639 2074 latebrosaque
647 2009 750 2059 flumina
759 2011 845 2061 victos.

659 2102 682 2137 v.
698 2090 811 2138 att-713.

455 2273 529 2311 XCVI.

345 2373 482 2428 Aeneidos.
525 2371 586 2428 Lib.
602 2370 639 2428 ix.

410 2479 470 2533 Par
483 2480 575 2534 nobile.

140 2833 273 2894 venatrix,
285 2833 368 2884 iaeulo
377 2831 484 2881 celerem
495 2831 643 2897 levibusque
654 2833 752 2898 sagittis
761 2854 769 2898 3

512 3034 526 3060 Ο
