2310 3592
388 411 582 455 Hormus.
795 426 839 473 175

132 501 220 552 curtis
231 502 337 552 Iudaeis
348 505 472 569 oppedere
481 505 505 553 i’
532 505 624 554 ‘Nulla
632 504 714 566 mibi‚’
722 506 833 569 inquam,

134 581 249 646 ‘Religio
261 585 318 633 est)
352 587 408 633 ‘At
418 586 468 634 mi:
486 601 542 635 sum
552 585 628 650 puulo
639 585 770 643 infirmior,
781 600 846 634 unus

132 662 287 715 Multorum:
313 668 445 731 ignosces:
469 667 532 716 alies
552 667 659 731 loquer!
700 665 817 714 Huncine

232 746 312 796 solem

133 825 197 876 Tam
207 829 311 894 nigrum
322 844 428 878 surrexe
439 830 516 879 mihi!
534 829 613 895 Fugit
623 829 744 894 inprobus
755 844 784 878 cc
795 845 836 878 me

133 907 186 958 Sub
196 911 278 960 cultro
289 911 390 976 linquit.
423 912 491 962 Casu
502 913 570 961 venit
580 912 668 961 obvius
679 910 718 961 illi

132 988 301 1041 Adversarius
311 994 355 1042 et‘
368 992 425 1054 Quo
433 1000 461 1042 tu
473 995 614 1059 turpissime
628 994 653 1042 l'
670 1008 762 1060 mugns

131 1070 253 1122 Inclemet
264 1089 333 1135 voce,
343 1081 369 1123 et
381 1073 469 1124 ‘Licet
479 1077 601 1125 antestari
612 1074 640 1122 i'
656 1074 712 1139 Ego
721 1090 780 1124 vero

133 1151 237 1216 Oppono
245 1155 392 1203 auriculam.
416 1153 494 1220 Rupit
503 1157 529 1204 in
537 1157 589 1204 ius:
602 1155 842 1220 memoratumque,

133 1230 250 1299 Undique
261 1250 406 1285 concursus.
443 1235 484 1285 Sic
494 1253 533 1286 me
545 1236 653 1286 servavit
661 1232 764 1300 Apelle.

435 1489 538 1526 cxxvii.

363 1611 479 1685 Epzctol.
514 1613 576 1667 Lib.
591 1612 609 1667 i.

327 1759 375 1813 Ad
385 1760 492 1815 Albium
509 1763 643 1817 Tibullum.

148 1911 151 1928 ι
178 1935 189 1958 r
203 1864 251 1964 ἐς
260 1886 329 1949 LBI,
339 1897 482 1938 nostrorum
491 1904 631 1938 sermonum
639 1890 837 1949 muniminum,

143 1958 149 2014 'x
164 1964 172 1971 ”
180 1961 224 2036 4‘
233 1965 253 2036 ξ
277 1968 344 2030 Quid
355 1984 422 2018 nunc
433 1976 459 2017 le
471 1969 551 2018 dicum
563 1969 645 2019 fecere
656 1971 683 2018 in
694 1973 795 2037 regione

143 2066 182 2104 a„
201 2047 206 2051 ’
220 2036 253 2102 »li
358 2050 482 2099 Pedere?

136 2129 246 2181 Scribere
257 2131 325 2196 quod
335 2130 408 2180 Cassi
419 2132 562 2181 Parmensis
572 2131 691 2197 opuscula
700 2135 792 2189 vincet.

136 2212 175 2261 An
185 2215 291 2262 tacitum
303 2212 379 2261 silves
386 2213 452 2261 inter
461 2220 560 2278 reptare
572 2212 691 2275 salubres,

136 2291 270 2344 Curensem
282 2293 401 2358 quicquid
412 2293 515 2358 dignum
526 2295 637 2358 sapiente
648 2294 761 2358 bonoque
771 2293 829 2344 est?

137 2373 189 2424 Non
201 2385 229 2425 tu
239 2389 332 2439 corpus
343 2390 400 2423 eres
411 2375 464 2423 sine
475 2382 574 2439 pectore
585 2396 592 2424 ε
610 2375 636 2424 di
647 2374 693 2425 tibi
703 2375 818 2433 formum,

136 2455 168 2505 Di
177 2457 224 2506 tibi
235 2457 337 2505 divitius
348 2455 470 2505 dederunt
481 2463 609 2520 urbemque
620 2456 726 2506 fruendi.

137 2535 199 2596 Quid
209 2545 299 2586 voveat
309 2536 376 2585 dulci
387 2537 511 2585 nutricula
521 2538 603 2586 maius
614 2537 722 2600 elumno,

137 2616 183 2677 Qui
194 2624 318 2683 superest
329 2616 378 2665 ieri
388 2618 541 2681 possitquae
553 2619 652 2679 sentiet,
663 2626 688 2667 et
699 2620 739 2667 cui

137 2696 231 2761 (iretis,
241 2699 320 2760 fumo,
330 2697 446 2747 valetudo
456 2699 585 2763 continget
596 2698 703 2760 ubuude,

137 2777 168 2827 Et
177 2779 283 2828 mundus
295 2779 384 2841 victus,
394 2793 444 2826 non
455 2778 583 2827 deficiente
594 2780 732 2828 crumena?

137 2857 202 2909 Inter
212 2876 281 2925 spem
293 2873 436 2922 curemque,
449 2859 549 2908 timores
561 2859 627 2910 inter
635 2866 661 2908 et
672 2860 723 2910 iras
