2320 3590
399 404 603 447 Vonornrns
822 417 852 463 75

143 498 207 558 Quis
220 505 322 548 caneret
336 498 493 564 Nymphas?
516 500 572 563 quis
589 497 694 547 humum
707 496 853 546 florentibus

240 581 327 630 herbis

146 661 289 727 spargeret,
300 669 345 711 aut
356 662 431 711 viridi
442 662 518 711 fontis
528 661 657 710 induceret
668 659 776 710 umbro?
840 686 843 693 ·

144 744 195 792 Vel
206 760 271 808 quse
283 744 381 810 sublegi
393 745 485 793 tacitns
495 743 540 792 tibi
553 744 664 793 carmina
674 758 763 807 nuper,

144 824 208 874 Cum
221 834 247 874 te
257 826 290 873 sd
301 825 403 875 delicias
413 826 501 882 forres,
512 824 682 889 Amaryllida,
693 823 810 872 nostros?

144 907 162 932 “
174 905 275 971 Tityre,
287 905 348 955 dnm
359 906 548 956 redeo-brevis
560 913 599 955 est
611 906 757 969 vis-pesce
768 904 847 968 capel·

243 986 290 1049 las,

144 1068 179 1117 Et
190 1075 276 1132 potum
287 1077 374 1133 postas
384 1084 440 1133 nge,
452 1067 551 1133 Tityre,
562 1075 588 1116 et
599 1068 663 1115 inter
675 1065 799 1131 egendum

144 1151 284 1199 Occursare
294 1166 379 1215 capro,
389 1166 468 1199 cornu
479 1150 538 1198 ferit
548 1149 598 1207 illo,
607 1148 716 1197 cnvet0,'’

177 1233 215 1279 M.
232 1230 313 1279 Immo
333 1231 401 1288 haec,
421 1244 485 1294 quoe
503 1229 575 1279 Vero
594 1228 700 1278 necdum
719 1228 830 1293 perfecta

243 1311 349 1360 canebat
359 1329 365 1357 ι

146 1396 164 1421 “
173 1392 254 1454 Vere,
266 1400 337 1441 tuum
348 1408 446 1454 nomen,
458 1399 558 1459 superet
568 1391 642 1440 modo
653 1391 760 1441 Mantua
771 1392 852 1453 nobis,

145 1473 262 1530 Mantua,
272 1490 328 1535 vae,
340 1475 445 1523 miserae
457 1474 561 1523 nimium
572 1475 654 1523 vicina
665 1473 810 1534 Cremonae,

145 1554 284 1605 Cantantes
296 1554 402 1603 sublime
412 1557 494 1604 ferent
504 1556 536 1604 sd
547 1555 736 1621 sidora‚cycni''

177 1640 208 1686 L.
226 1635 269 1686 Sic
279 1644 324 1685 tuo
334 1635 447 1702 Cyrneas
457 1637 557 1703 fugiant
567 1639 685 1685 examina
695 1646 777 1698 toxos,

145 1717 187 1767 Sic
199 1717 281 1782 cytiso
292 1725 379 1782 pastae
387 1717 530 1769 distendent
541 1718 619 1766 ubero
629 1733 727 1779 vaceae,

146 1799 243 1864 Incipe,
255 1798 277 1846 si
289 1797 349 1861 qnid
360 1797 446 1848 habes.
480 1799 515 1849 Et
525 1814 565 1847 me
576 1799 657 1847 secere
666 1807 765 1863 poetam

145 1879 272 1944 Pierides3
290 1886 382 1929 suntet
391 1880 453 1928 mihi
463 1880 589 1944 corminn3
603 1895 643 1928 me
654 1895 753 1944 quoqne
764 1878 851 1928 dicunt

145 1961 239 2010 Vatem
248 1968 362 2025 pastores
373 1980 381 2025 3
400 1960 443 2009 sed
453 1977 503 2009 non
514 1976 561 2026 ego
572 1960 688 2009 credulus
699 1960 757 2009 illis.

146 2041 211 2091 Nom
223 2056 306 2106 neque
315 2040 398 2091 adhuc
408 2041 488 2090 Vario
498 2042 592 2104 videor,
603 2055 650 2090 nec
660 2041 741 2090 dicere
752 2041 834 2092 Cinna

147 2122 239 2189 Digne,
251 2122 296 2171 sed
309 2129 413 2187 argutos
424 2123 490 2171 inter
501 2131 611 2187 strepere
622 2137 695 2171 unser
704 2123 792 2172 olores.

178 2208 215 2253 M.
232 2203 265 2252 Id
280 2203 381 2267 quidem
397 2218 446 2269 ogo
461 2211 487 2253 et
502 2205 603 2265 tacitus,
620 2202 724 2268 Lycide,
741 2218 837 2252 mecum

243 2286 298 2349 ipse
309 2284 402 2346 volum,

149 2364 175 2414 Si
186 2365 283 2415 valeam
294 2365 452 2429 meminisse3
469 2380 550 2428 neque
561 2372 599 2413 est
610 2365 719 2428 ignobile
728 2381 834 2415 carmen.

147 2450 163 2473 ‘⁴
174 2445 233 2496 Huc
244 2447 313 2509 ades,
324 2462 340 2495 o
353 2445 474 2511 Galatec3
491 2448 548 2510 quis
563 2453 602 2495 est
616 2461 674 2494 nam
686 2446 759 2496 ludus
770 2447 796 2496 in
806 2464 850 2495 un·

244 2527 304 2576 dis?
524 2523 529 2533 '

147 2609 195 2659 Hic
204 2625 249 2659 ver
259 2624 423 2674 purpureum,
434 2610 516 2658 varios
526 2609 566 2657 hic
576 2608 680 2657 flumina
690 2611 783 2658 circum
847 2643 850 2670 ,

148 2689 241 2739 Fundit
252 2690 344 2739 humus
354 2689 437 2752 flores,
448 2690 490 2738 hic
501 2689 607 2739 candido
617 2690 723 2755 populns
734 2700 807 2740 antro

147 2771 270 2831 Imminet,
281 2781 307 2822 et
317 2773 401 2821 lentae
412 2779 502 2821 texunt
513 2771 657 2821 umbracula
669 2774 732 2821 vites
743 2793 751 2836 3

147 2850 201 2901 Huc
214 2852 273 2903 odes
279 2873 287 2918 3
305 2854 387 2902 nisani
398 2853 489 2902 ferient
500 2853 553 2902 sino
563 2851 637 2901 litora
646 2851 762 2903 fluctus.”
