2320 3590
314 432 359 476 ¹⁴0
459 414 694 458 ANTHohoola
719 414 866 457 LATINA.

310 507 407 558 Pallida
418 524 485 558 mors
496 524 576 574 aequo
585 509 668 574 pulsat
677 509 739 574 pede
748 524 887 574 pauperum
896 509 1008 558 tabernas

346 588 493 655 Regumque
505 591 592 640 turris.
627 591 650 640 Ο
662 591 733 640 beate
745 590 820 653 Sesti,

310 671 387 720 Vitae
394 688 490 720 summa
497 671 578 721 brevis
586 688 654 737 spem
661 672 897 721 nosvetatinehoare
904 672 1006 736 longam.

345 752 399 801 Iam
411 760 435 802 te
446 761 541 818 premet
551 768 610 810 nox,
622 753 768 817 fabulaeque
781 752 878 813 Manes,

313 833 348 881 Et
358 833 445 883 domus
456 834 528 883 exilis
538 828 672 885 Plutonia:
690 850 740 899 quo
749 834 823 883 simul
834 835 932 894 meraris,

348 915 400 964 Nee
411 931 490 981 regna
501 916 552 964 vini
563 918 667 965 sortiere
679 916 746 978 talis,

314 997 367 1046 Nee
379 1007 490 1046 tenerum
501 997 615 1063 Lycidan
625 997 756 1059 mirabere,
768 1013 817 1061 quo
827 996 892 1047 ealet
899 998 1008 1045 iuventus

347 1078 421 1129 Nune
432 1081 511 1129 omnis
523 1087 548 1129 et
558 1095 618 1128 mox
631 1081 738 1145 virgines
749 1079 877 1143 tepebunt.

766 1162 904 1219 Uerminam,
916 1173 934 1207 1.
946 1157 979 1207 ir.

640 1289 692 1324 ew.

568 1395 615 1448 Ad
627 1395 766 1466 Pyrrham.

357 1586 361 1589 ,
387 1517 405 1533 ”
445 1509 469 1546 ‘⁴‘
479 1525 538 1576 UIS
548 1527 628 1576 multa
637 1526 738 1594 gracilis
748 1535 773 1576 te
783 1542 847 1592 puer
857 1529 883 1576 in
893 1542 949 1576 rosa

385 1585 472 1684 §alell
494 1607 615 1658 Perfusus
624 1608 724 1673 liquidis
735 1616 808 1674 urget
819 1608 934 1657 odoribus

363 1687 391 1744 J<
407 1679 445 1740 55⁴
456 1680 468 1738 l
528 1689 617 1751 Grato,
629 1690 738 1755 Pyrrhe,
750 1690 796 1739 sub
807 1690 902 1740 antro?

415 1771 462 1822 Cui
474 1770 563 1821 flavam
574 1772 666 1838 religas
676 1787 770 1821 comam

350 1851 462 1917 Simplex
473 1853 621 1902 munditiis?
639 1852 697 1901 Heu
708 1853 822 1918 quotiens
835 1852 909 1901 fidem

349 1933 511 1996 Mutatosque
521 1932 580 1982 deos
590 1932 660 1981 flebit
671 1939 696 1981 et
705 1948 793 1998 aspera

382 2013 470 2079 Nigris
481 2029 590 2078 aequora
601 2014 682 2062 ventis

415 2095 569 2144 Emirabitur
579 2094 695 2156 insolenS,

350 2178 402 2238 Qui
412 2192 477 2225 nune
489 2183 514 2224 te
525 2176 617 2225 fruitur
628 2176 743 2225 credulus
754 2191 840 2238 aurea,

349 2259 400 2320 Qui
412 2274 508 2323 semper
519 2273 631 2315 vacuam,
643 2273 740 2323 semper
750 2258 881 2307 amabilem

385 2339 483 2404 Sperat,
495 2340 594 2388 nescius
604 2355 681 2388 aurae

414 2419 529 2470 Falleris.
564 2421 660 2479 Miseri,
670 2421 762 2485 quibus

351 2503 505 2568 Intemptats
514 2504 585 2552 nites
620 2503 664 2553 Me
675 2504 761 2553 tabula
772 2519 841 2553 sacer

352 2585 447 2634 Votive
457 2587 540 2650 paries
550 2586 644 2635 indicat
654 2585 729 2634 uvida

386 2667 548 2732 Suspendisse
558 2668 654 2734 potenti

417 2749 575 2800 Vestimenta
584 2749 660 2799 maris
670 2749 725 2798 (leo,
