2310 3592
299 409 345 463 236
437 400 670 444 ANTHOLOGIA
698 402 843 444 LATINA.

297 495 333 551 Is,
343 509 438 559 precor,
449 494 547 543 auditos
558 495 637 559 possit
646 510 749 543 narrare
759 494 901 560 triumphos

331 573 445 624 Caesaris
456 581 483 623 et
492 574 567 624 Latio
577 575 674 624 reddita
684 582 743 624 vota
754 575 823 626 Iovi:

299 656 392 720 Teque,
402 655 556 718 rebellatrix,
566 657 675 719 tandem,
688 655 833 719 Germania,
843 658 943 722 magni·

331 736 415 786 Trisre
424 743 499 802 eaput
509 736 613 801 pedibus
624 738 782 801 supposuisse
791 738 870 787 ducis

299 818 369 867 Haeo
379 818 441 866 mihi
452 819 496 882 qui
505 818 604 874 referet,
614 834 678 882 quae
689 835 740 868 non
750 819 841 868 vidisse
853 819 950 881 doleb0,

329 899 376 947 Ille
387 915 456 948 meae
467 899 551 948 domui
562 901 675 964 protinus
686 900 776 965 hospes
786 901 844 950 erit.

299 981 348 1029 Hei
359 981 435 1029 mihi!
453 983 534 1029 iamne
545 981 632 1030 domus
644 981 762 1045 Scythico
773 982 884 1032 Nasonis
895 985 923 1032 in
933 983 991 1031 orbe

397 1063 453 1111 est?

331 1143 434 1208 Iamque
446 1159 519 1192 suum
530 1143 591 1192 mihi
601 1143 644 1192 dut
653 1159 699 1207 pro
708 1143 761 1192 lare
772 1159 853 1208 poena
864 1144 965 1194 locum?

300 1225 334 1273 Di
345 1224 427 1283 feeite,
439 1232 468 1274 ut
479 1224 572 1274 Caesar
582 1241 629 1273 non
642 1225 682 1273 hie
692 1226 820 1289 penetrale
832 1226 988 1291 domumque,

332 1305 475 1373 Hospit'prm
486 1321 580 1371 poenae
592 1306 635 1355 sed
644 1306 705 1355 velit
714 1322 768 1356 esse
779 1309 864 1357 meae!

613 1599 691 1635 oaxv.
714 1591 725 1626 ⁴

561 1732 605 1784 De
618 1735 670 1785 vitu
683 1749 738 1785 rua.

346 1916 356 1934 x
412 1892 418 1952 ᾗ
431 1883 584 1934 EMPORIS
595 1883 663 1931 illius
674 1883 739 1931 colui
748 1882 849 1945 fovique
860 1890 952 1946 poetas,

330 1961 403 2040 2}ss
461 1964 578 2028 Quotque
594 1963 699 2012 aderant
714 1969 792 2025 vates,
809 1963 884 2012 rebar
899 1963 981 2012 edesse

310 2026 363 2088 2³·
385 2029 414 2089 ἶ,
526 2044 594 2094 deos.

304 2120 383 2187 Saepe
394 2137 451 2170 suas
462 2121 574 2171 volueres
584 2122 648 2186 legit
658 2119 719 2169 mihi
729 2121 850 2185 grandior
861 2136 927 2183 aero,

336 2202 455 2267 Quaeque
465 2210 537 2252 neoet
547 2217 657 2267 serpeus,
666 2216 730 2264 quae
738 2202 897 2259 iuvetherba,
905 2201 994 2250 Macer.

304 2285 383 2350 Saepe
394 2300 451 2334 suos
462 2284 550 2333 solitus
561 2285 666 2333 recitare
676 2281 823 2346 Propertius
833 2285 911 2349 ignes,

337 2367 396 2415 Iure
407 2365 522 2415 sodalioio
533 2366 575 2428 qui
585 2364 646 2413 mihi
658 2364 756 2412 iunctus
767 2371 829 2414 erat.

303 2450 422 2497 Ponticus
432 2447 517 2508 herpo,
528 2444 622 2494 Bessus
633 2459 730 2508 quoque
741 2443 824 2493 clerus
835 2445 921 2494 iambis

336 2529 426 2577 Dulcia
435 2527 561 2575 eonvietus
572 2525 683 2574 membre
693 2524 762 2573 fuere
773 2526 830 2574 mei.

304 2612 338 2660 Et
348 2611 428 2660 tenuit
437 2614 536 2657 nostras
547 2621 692 2655 numerosus
703 2605 826 2655 Horatius
836 2622 917 2663 aures,

301 2701 312 2722 ⁸
336 2691 405 2740 Dum
415 2688 474 2737 ferit
484 2685 600 2737 Ausonia
609 2688 721 2735 earmina
730 2685 799 2734 culta
808 2685 873 2750 lyra.

305 2771 442 2839 Virgilium
452 2770 504 2818 vidi
514 2776 621 2819 mnium.
655 2767 709 2816 Nec
720 2782 806 2816 emera
816 2767 913 2817 Tibullo

337 2850 447 2913 Tempus
457 2847 581 2897 amicitiae
592 2846 645 2896 fate
653 2846 742 2896 dedere
753 2861 829 2896 meae.
