2360 3598
472 408 701 452 ANTHotoors
726 407 868 451 mm.

635 570 701 605 xm.

395 665 514 719 Heumou
528 666 725 720 Timorunoenoc.
766 663 909 719 Aetnae
923 664 941 717 i.

537 791 644 847 orama,
655 792 804 838 Manedum.

618 896 724 944 Chremes.

330 981 332 988 ’
343 968 347 971 ”
367 979 374 985 ’“
386 964 410 1043 ἦ·
450 975 635 1035 UAMQUAM
644 976 705 1024 haec
712 976 829 1027 internos
838 989 916 1040 nuper
926 977 1014 1024 notitia

331 1065 337 1085 ¹
365 1039 412 1125 ‘5578
431 1047 439 1096 ἶ
542 1055 697 1104 admodumst

332 1129 390 1187 ᾗ».
396 1123 434 1183 έέ
438 1175 442 1181 x
464 1131 537 1195 (Inde
549 1135 611 1184 adeo
621 1150 695 1199 quom
705 1149 795 1199 agrum
805 1135 831 1182 in
841 1148 962 1197 proxumo
973 1135 1014 1182 hic

421 1222 543 1264 mercatus
554 1214 593 1276 es)

326 1294 379 1343 Nee
386 1297 424 1369 ἱρῇ
434 1295 486 1343 fere
497 1310 556 1344 sane
568 1295 673 1359 amplius
685 1295 816 1359 quicquam
827 1293 889 1343 fuit:

325 1374 420 1423 Temen
428 1375 466 1424 vel
475 1376 554 1423 virtus
564 1381 608 1424 tua
618 1390 657 1423 me
666 1375 706 1423 vel
716 1376 838 1436 vicinitas,

326 1452 398 1512 Quod
408 1470 456 1519 ego
466 1455 492 1502 in
502 1456 640 1534 propinqua
651 1461 721 1518 parte
731 1455 852 1503 amicitiae
861 1460 931 1518 puto,

325 1534 395 1583 Facit
404 1541 433 1583 ut
443 1540 467 1582 te
478 1535 594 1584 audacter
605 1549 716 1583 moneam
724 1542 750 1584 et
760 1534 921 1595 familiariter,

326 1612 400 1672 Quod
410 1613 473 1661 mihi
483 1613 567 1662 videre
577 1623 675 1678 praeter
686 1619 792 1662 aetatem
801 1622 870 1663 tuam

325 1692 417 1740 Facere
428 1700 453 1740 et
462 1699 561 1756 praeter
571 1708 645 1756 quam
656 1708 696 1741 res
706 1699 731 1741 te
741 1693 887 1742 adhortatur
897 1700 948 1743 toa.

327 1770 389 1819 Nam
397 1787 442 1835 pro
448 1771 520 1819 deum
527 1778 602 1835 atque
610 1772 737 1820 hominum
744 1772 826 1829 fidem,
835 1772 893 1837 quid
902 1773 990 1821 vistibi
1001 1773 1012 1820 ἲ

326 1849 521 1914 Quinquennis?
538 1866 615 1900 annos
626 1853 756 1916 sexaginta
765 1859 839 1901 uatus
849 1867 885 1914 es,

325 1930 380 1978 Aut
389 1931 444 1995 plus
455 1945 493 1992 eo,
503 1937 531 1979 ut
541 1931 634 1979 conicio
643 1950 651 1995 3
668 1946 757 1996 agrum
768 1932 807 1980 his
817 1933 958 1996 regionibus

325 2009 454 2058 Meliorem
465 2025 544 2075 neque
555 2012 621 2075 preti
632 2012 732 2060 maioris
743 2026 814 2059 nemo
825 2011 916 2075 habet3

327 2089 414 2138 Servos
424 2090 570 2154 compluris:
587 2090 689 2154 proinde
699 2092 770 2155 quasi
780 2104 851 2139 nemo
862 2093 916 2150 siet,

326 2166 367 2213 Ita
377 2173 430 2214 tute
441 2173 534 2215 attente
545 2167 642 2215 illorum
654 2167 733 2216 officia
743 2167 853 2231 fungere.

324 2245 465 2310 Numquam
477 2253 528 2294 tam
539 2262 611 2295 mane
621 2247 735 2311 agredior
745 2263 825 2311 neque
836 2253 888 2295 tam
898 2250 994 2311 vesperi

324 2325 431 2373 Domum
442 2333 562 2388 revertor,
574 2327 634 2390 quin
645 2335 669 2374 te
680 2328 706 2374 in
716 2326 794 2375 fundo
803 2327 927 2390 conspicer

323 2402 418 2452 Fodere
429 2412 472 2453 aut
482 2420 554 2452 arare
564 2413 608 2452 aut
618 2405 712 2469 aliquid
721 2403 795 2454 serre.
828 2404 940 2468 Denique

329 2481 431 2531 Nullum
441 2485 545 2532 remittis
557 2491 653 2547 tempus
663 2499 743 2548 neque
753 2491 779 2532 te
789 2485 897 2548 respicis.

324 2559 393 2609 Hoec
402 2577 451 2610 non
462 2562 583 2627 voluptati
592 2563 638 2611 tibi
647 2578 701 2612 esse
711 2565 771 2612 satis
781 2571 848 2612 certo
859 2565 916 2612 scie.

323 2640 340 2664 “
346 2641 383 2689 At
388 2642 470 2688 enim”
477 2641 542 2690 dices
549 2643 566 2669 “
572 2643 736 2706 quantumhic
741 2645 823 2707 operis
828 2643 872 2692 fiat
878 2643 1013 2707 paenitet.’'

324 2716 396 2776 Quod
407 2722 516 2785 inopere
526 2721 640 2770 faciundo
649 2737 742 2797 ⁰123&
748 2724 870 2771 consumis
881 2730 947 2783 tuae,

325 2795 352 2845 Si
365 2814 449 2848 sumus
459 2800 485 2847 in
497 2800 545 2848 illis
555 2802 707 2864 exercendis,
717 2802 773 2867 plus
782 2818 850 2867 agas.
