<?xml version="1.0" encoding="UTF-8"?>
<!DOCTYPE html PUBLIC "-//W3C//DTD XHTML 1.0 Transitional//EN"
    "http://www.w3.org/TR/xhtml1/DTD/xhtml1-transitional.dtd">
<html xmlns="http://www.w3.org/1999/xhtml" xml:lang="en" lang="en">
 <head>
  <title>
</title>
<meta http-equiv="Content-Type" content="text/html;charset=utf-8" />
  <meta name='ocr-system' content='tesseract 3.04.00' />
  <meta name='ocr-capabilities' content='ocr_page ocr_carea ocr_par ocr_line ocrx_word'/>
</head>
<body>
  <div class='ocr_page' id='page_1' title='image "./anthologialatin02thacgoog_0105.png"; bbox 0 0 2320 3590; ppageno 0'>
   <div class='ocr_carea' id='block_1_1' title="bbox 329 415 877 479">
    <p class='ocr_par' dir='ltr' id='par_1_1' title="bbox 329 415 877 479">
     <span class='ocr_line' id='line_1_1' title="bbox 329 415 877 479; baseline -0.005 -20"><span class='ocrx_word' id='word_1_1' title='bbox 329 425 360 479; x_wconf 80' lang='lat'>84</span> <span class='ocrx_word' id='word_1_2' title='bbox 471 415 705 459; x_wconf 69' lang='lat' dir='ltr'>Anrnonoom</span> <span class='ocrx_word' id='word_1_3' title='bbox 732 415 877 457; x_wconf 62' lang='lat' dir='ltr'>narina</span> 
     </span>
    </p>
   </div>
   <div class='ocr_carea' id='block_1_2' title="bbox 328 508 1033 1778">
    <p class='ocr_par' dir='ltr' id='par_1_2' title="bbox 328 508 1032 1712">
     <span class='ocr_line' id='line_1_2' title="bbox 328 508 925 574; baseline -0.002 -15"><span class='ocrx_word' id='word_1_4' title='bbox 328 511 396 560; x_wconf 85' lang='lat' dir='ltr'>Aria</span> <span class='ocrx_word' id='word_1_5' title='bbox 405 516 458 559; x_wconf 84' lang='lat' dir='ltr'>tum</span> <span class='ocrx_word' id='word_1_6' title='bbox 469 517 587 559; x_wconf 86' lang='lat' dir='ltr'>resonant</span> <span class='ocrx_word' id='word_1_7' title='bbox 597 509 684 558; x_wconf 81' lang='lat' dir='ltr'>avibus</span> <span class='ocrx_word' id='word_1_8' title='bbox 695 508 805 574; x_wconf 83' lang='lat' dir='ltr'>virgulta</span> <span class='ocrx_word' id='word_1_9' title='bbox 816 509 925 570; x_wconf 75' lang='lat' dir='ltr'>canone,</span> 
     </span>
     <span class='ocr_line' id='line_1_3' title="bbox 329 591 955 655; baseline 0 -15"><span class='ocrx_word' id='word_1_10' title='bbox 329 592 363 640; x_wconf 83' lang='lat' dir='ltr'>Et</span> <span class='ocrx_word' id='word_1_11' title='bbox 374 591 500 640; x_wconf 86' lang='lat' dir='ltr'>Venerem</span> <span class='ocrx_word' id='word_1_12' title='bbox 511 592 587 641; x_wconf 88' lang='lat' dir='ltr'>certis</span> <span class='ocrx_word' id='word_1_13' title='bbox 597 598 715 655; x_wconf 85' lang='lat' dir='ltr'>repetunt</span> <span class='ocrx_word' id='word_1_14' title='bbox 726 599 841 639; x_wconf 85' lang='lat' dir='ltr'>armenta</span> <span class='ocrx_word' id='word_1_15' title='bbox 851 591 955 655; x_wconf 78' lang='lat' dir='ltr'>diebus3</span> 
     </span>
     <span class='ocr_line' id='line_1_4' title="bbox 330 670 1023 736; baseline 0 -16"><span class='ocrx_word' id='word_1_16' title='bbox 330 671 444 721; x_wconf 87' lang='lat' dir='ltr'>Parturit</span> <span class='ocrx_word' id='word_1_17' title='bbox 454 672 533 720; x_wconf 83' lang='lat' dir='ltr'>almus</span> <span class='ocrx_word' id='word_1_18' title='bbox 545 686 615 736; x_wconf 86' lang='lat' dir='ltr'>ager,</span> <span class='ocrx_word' id='word_1_19' title='bbox 627 670 787 736; x_wconf 81' lang='lat' dir='ltr'>Zephyrique</span> <span class='ocrx_word' id='word_1_20' title='bbox 799 672 941 736; x_wconf 88' lang='lat' dir='ltr'>tepentibus</span> <span class='ocrx_word' id='word_1_21' title='bbox 952 673 1023 720; x_wconf 83' lang='lat' dir='ltr'>auria</span> 
     </span>
     <span class='ocr_line' id='line_1_5' title="bbox 329 753 1032 817; baseline -0.001 -14"><span class='ocrx_word' id='word_1_22' title='bbox 329 755 430 803; x_wconf 79' lang='lat' dir='ltr'><strong>Laxant</strong></span> <span class='ocrx_word' id='word_1_23' title='bbox 440 769 501 802; x_wconf 86' lang='lat' dir='ltr'>arva</span> <span class='ocrx_word' id='word_1_24' title='bbox 510 754 595 817; x_wconf 82' lang='lat' dir='ltr'>einus3</span> <span class='ocrx_word' id='word_1_25' title='bbox 614 761 716 817; x_wconf 80' lang='lat' dir='ltr'>superat</span> <span class='ocrx_word' id='word_1_26' title='bbox 724 759 795 801; x_wconf 88' lang='lat' dir='ltr'>tener</span> <span class='ocrx_word' id='word_1_27' title='bbox 803 753 917 802; x_wconf 89' lang='lat' dir='ltr'>omnibus</span> <span class='ocrx_word' id='word_1_28' title='bbox 925 753 1032 817; x_wconf 81' lang='lat' dir='ltr'>humor3</span> 
     </span>
     <span class='ocr_line' id='line_1_6' title="bbox 331 834 902 899; baseline -0.002 -16"><span class='ocrx_word' id='word_1_29' title='bbox 331 835 412 899; x_wconf 80' lang='lat' dir='ltr'>Inque</span> <span class='ocrx_word' id='word_1_30' title='bbox 421 850 498 884; x_wconf 85' lang='lat' dir='ltr'>novos</span> <span class='ocrx_word' id='word_1_31' title='bbox 509 834 572 883; x_wconf 82' lang='lat' dir='ltr'>soles</span> <span class='ocrx_word' id='word_1_32' title='bbox 584 834 676 882; x_wconf 85' lang='lat' dir='ltr'>audent</span> <span class='ocrx_word' id='word_1_33' title='bbox 687 850 713 883; x_wconf 80' lang='lat' dir='ltr'>se</span> <span class='ocrx_word' id='word_1_34' title='bbox 724 835 839 899; x_wconf 85' lang='lat' dir='ltr'>gramina</span> <span class='ocrx_word' id='word_1_35' title='bbox 847 841 902 883; x_wconf 84' lang='lat' dir='ltr'>tuto</span> 
     </span>
     <span class='ocr_line' id='line_1_7' title="bbox 331 915 1009 980; baseline -0.007 -13"><span class='ocrx_word' id='word_1_36' title='bbox 331 916 455 980; x_wconf 84' lang='lat' dir='ltr'>Credere3</span> <span class='ocrx_word' id='word_1_37' title='bbox 473 931 518 964; x_wconf 89' lang='lat' dir='ltr'>nec</span> <span class='ocrx_word' id='word_1_38' title='bbox 529 916 618 964; x_wconf 85' lang='lat' dir='ltr'>metuit</span> <span class='ocrx_word' id='word_1_39' title='bbox 629 917 754 980; x_wconf 84' lang='lat' dir='ltr'>surgentis</span> <span class='ocrx_word' id='word_1_40' title='bbox 765 915 898 980; x_wconf 80' lang='lat' dir='ltr'><strong>pampinus</strong></span> <span class='ocrx_word' id='word_1_41' title='bbox 909 919 1009 963; x_wconf 82' lang='lat' dir='ltr'>austros</span> 
     </span>
     <span class='ocr_line' id='line_1_8' title="bbox 331 995 963 1061; baseline -0.005 -15"><span class='ocrx_word' id='word_1_42' title='bbox 331 1000 387 1047; x_wconf 88' lang='lat' dir='ltr'>Aut</span> <span class='ocrx_word' id='word_1_43' title='bbox 399 1004 482 1046; x_wconf 84' lang='lat' dir='ltr'>actum</span> <span class='ocrx_word' id='word_1_44' title='bbox 493 996 561 1045; x_wconf 86' lang='lat' dir='ltr'>caelo</span> <span class='ocrx_word' id='word_1_45' title='bbox 572 998 670 1061; x_wconf 83' lang='lat' dir='ltr'>magnis</span> <span class='ocrx_word' id='word_1_46' title='bbox 680 996 839 1060; x_wconf 81' lang='lat' dir='ltr'>aquilonibus</span> <span class='ocrx_word' id='word_1_47' title='bbox 850 995 963 1052; x_wconf 87' lang='lat' dir='ltr'>imbrem,</span> 
     </span>
     <span class='ocr_line' id='line_1_9' title="bbox 333 1077 961 1143; baseline -0.003 -15"><span class='ocrx_word' id='word_1_48' title='bbox 333 1079 382 1128; x_wconf 88' lang='lat' dir='ltr'>Sed</span> <span class='ocrx_word' id='word_1_49' title='bbox 393 1078 472 1128; x_wconf 88' lang='lat' dir='ltr'>trudit</span> <span class='ocrx_word' id='word_1_50' title='bbox 482 1093 594 1143; x_wconf 85' lang='lat' dir='ltr'>gemmus</span> <span class='ocrx_word' id='word_1_51' title='bbox 604 1085 630 1126; x_wconf 90' lang='lat' dir='ltr'>et</span> <span class='ocrx_word' id='word_1_52' title='bbox 641 1077 741 1126; x_wconf 81' lang='lat' dir='ltr'>frondes</span> <span class='ocrx_word' id='word_1_53' title='bbox 752 1077 863 1142; x_wconf 85' lang='lat' dir='ltr'>explicat</span> <span class='ocrx_word' id='word_1_54' title='bbox 873 1078 961 1126; x_wconf 86' lang='lat' dir='ltr'>omnis.</span> 
     </span>
     <span class='ocr_line' id='line_1_10' title="bbox 332 1158 903 1224; baseline -0.007 -14"><span class='ocrx_word' id='word_1_55' title='bbox 332 1161 390 1210; x_wconf 88' lang='lat' dir='ltr'>Non</span> <span class='ocrx_word' id='word_1_56' title='bbox 401 1160 462 1209; x_wconf 84' lang='lat' dir='ltr'>ulios</span> <span class='ocrx_word' id='word_1_57' title='bbox 473 1161 554 1224; x_wconf 87' lang='lat' dir='ltr'>prima</span> <span class='ocrx_word' id='word_1_58' title='bbox 565 1160 697 1209; x_wconf 84' lang='lat' dir='ltr'>crescentis</span> <span class='ocrx_word' id='word_1_59' title='bbox 708 1160 805 1224; x_wconf 80' lang='lat' dir='ltr'>origine</span> <span class='ocrx_word' id='word_1_60' title='bbox 816 1158 903 1206; x_wconf 90' lang='lat' dir='ltr'>mnndi</span> 
     </span>
     <span class='ocr_line' id='line_1_11' title="bbox 330 1240 887 1291; baseline -0.005 0"><span class='ocrx_word' id='word_1_61' title='bbox 330 1242 457 1291; x_wconf 86' lang='lat' dir='ltr'>Inluxisse</span> <span class='ocrx_word' id='word_1_62' title='bbox 468 1240 520 1289; x_wconf 79' lang='lat' dir='ltr'>dies</span> <span class='ocrx_word' id='word_1_63' title='bbox 530 1241 637 1289; x_wconf 84' lang='lat' dir='ltr'>aliumve</span> <span class='ocrx_word' id='word_1_64' title='bbox 648 1241 765 1290; x_wconf 81' lang='lat' dir='ltr'>babuisse</span> <span class='ocrx_word' id='word_1_65' title='bbox 776 1248 887 1289; x_wconf 89' lang='lat' dir='ltr'>tenorem</span> 
     </span>
     <span class='ocr_line' id='line_1_12' title="bbox 331 1321 985 1387; baseline -0.005 -14"><span class='ocrx_word' id='word_1_66' title='bbox 331 1322 500 1373; x_wconf 84' lang='lat' dir='ltr'>Crediderim:</span> <span class='ocrx_word' id='word_1_67' title='bbox 518 1338 561 1371; x_wconf 88' lang='lat' dir='ltr'>ver</span> <span class='ocrx_word' id='word_1_68' title='bbox 574 1321 635 1370; x_wconf 87' lang='lat' dir='ltr'>illud</span> <span class='ocrx_word' id='word_1_69' title='bbox 647 1331 711 1384; x_wconf 86' lang='lat' dir='ltr'>erat,</span> <span class='ocrx_word' id='word_1_70' title='bbox 721 1338 764 1371; x_wconf 88' lang='lat' dir='ltr'>ver</span> <span class='ocrx_word' id='word_1_71' title='bbox 776 1337 881 1387; x_wconf 83' lang='lat' dir='ltr'>magnus</span> <span class='ocrx_word' id='word_1_72' title='bbox 892 1321 985 1385; x_wconf 82' lang='lat' dir='ltr'>agebat</span> 
     </span>
     <span class='ocr_line' id='line_1_13' title="bbox 332 1402 923 1467; baseline 0 -14"><span class='ocrx_word' id='word_1_73' title='bbox 332 1404 417 1464; x_wconf 83' lang='lat' dir='ltr'>Orbis,</span> <span class='ocrx_word' id='word_1_74' title='bbox 428 1411 454 1451; x_wconf 90' lang='lat' dir='ltr'>et</span> <span class='ocrx_word' id='word_1_75' title='bbox 464 1403 575 1451; x_wconf 88' lang='lat' dir='ltr'>bibernis</span> <span class='ocrx_word' id='word_1_76' title='bbox 586 1403 723 1467; x_wconf 81' lang='lat' dir='ltr'>parcebant</span> <span class='ocrx_word' id='word_1_77' title='bbox 733 1402 835 1452; x_wconf 86' lang='lat' dir='ltr'>datibus</span> <span class='ocrx_word' id='word_1_78' title='bbox 846 1403 923 1453; x_wconf 82' lang='lat' dir='ltr'>Euri:</span> 
     </span>
     <span class='ocr_line' id='line_1_14' title="bbox 333 1484 986 1550; baseline -0.006 -15"><span class='ocrx_word' id='word_1_79' title='bbox 333 1486 398 1536; x_wconf 88' lang='lat' dir='ltr'>Cum</span> <span class='ocrx_word' id='word_1_80' title='bbox 409 1486 505 1550; x_wconf 83' lang='lat' dir='ltr'>primae</span> <span class='ocrx_word' id='word_1_81' title='bbox 517 1484 598 1533; x_wconf 89' lang='lat' dir='ltr'>lucem</span> <span class='ocrx_word' id='word_1_82' title='bbox 609 1484 717 1549; x_wconf 83' lang='lat' dir='ltr'>pecudes</span> <span class='ocrx_word' id='word_1_83' title='bbox 728 1484 843 1547; x_wconf 88' lang='lat' dir='ltr'>hausere,</span> <span class='ocrx_word' id='word_1_84' title='bbox 853 1485 986 1548; x_wconf 86' lang='lat' dir='ltr'>virumque</span> 
     </span>
     <span class='ocr_line' id='line_1_15' title="bbox 331 1565 920 1632; baseline -0.003 -17"><span class='ocrx_word' id='word_1_85' title='bbox 331 1568 425 1616; x_wconf 80' lang='lat' dir='ltr'>Ferrea</span> <span class='ocrx_word' id='word_1_86' title='bbox 435 1565 567 1632; x_wconf 83' lang='lat' dir='ltr'>progenies</span> <span class='ocrx_word' id='word_1_87' title='bbox 577 1567 647 1614; x_wconf 89' lang='lat' dir='ltr'>duris</span> <span class='ocrx_word' id='word_1_88' title='bbox 657 1574 733 1630; x_wconf 86' lang='lat' dir='ltr'>caput</span> <span class='ocrx_word' id='word_1_89' title='bbox 743 1566 835 1615; x_wconf 85' lang='lat' dir='ltr'>extulit</span> <span class='ocrx_word' id='word_1_90' title='bbox 845 1566 920 1623; x_wconf 83' lang='lat' dir='ltr'>arvis,</span> 
     </span>
     <span class='ocr_line' id='line_1_16' title="bbox 332 1647 875 1712; baseline -0.004 -15"><span class='ocrx_word' id='word_1_91' title='bbox 332 1649 503 1712; x_wconf 81' lang='lat' dir='ltr'>inmissaeque</span> <span class='ocrx_word' id='word_1_92' title='bbox 514 1648 581 1696; x_wconf 83' lang='lat' dir='ltr'>ferae</span> <span class='ocrx_word' id='word_1_93' title='bbox 593 1647 661 1696; x_wconf 85' lang='lat' dir='ltr'>silvis</span> <span class='ocrx_word' id='word_1_94' title='bbox 671 1656 697 1697; x_wconf 83' lang='lat' dir='ltr'>et</span> <span class='ocrx_word' id='word_1_95' title='bbox 708 1648 789 1697; x_wconf 85' lang='lat' dir='ltr'>sidera</span> <span class='ocrx_word' id='word_1_96' title='bbox 800 1648 875 1697; x_wconf 87' lang='lat' dir='ltr'>caelo.</span> 
     </span>
    </p>

    <p class='ocr_par' dir='ltr' id='par_1_3' title="bbox 880 1732 1033 1778">
     <span class='ocr_line' id='line_1_17' title="bbox 880 1732 1033 1778; baseline 0.007 -3"><span class='ocrx_word' id='word_1_97' title='bbox 880 1745 903 1777; x_wconf 86' lang='lat' dir='ltr'>v.</span> <span class='ocrx_word' id='word_1_98' title='bbox 915 1732 1033 1778; x_wconf 74' lang='lat' dir='ltr'>eae-342.</span> 
     </span>
    </p>
   </div>
   <div class='ocr_carea' id='block_1_3' title="bbox 651 1854 713 1889">
    <p class='ocr_par' dir='ltr' id='par_1_4' title="bbox 651 1854 713 1889">
     <span class='ocr_line' id='line_1_18' title="bbox 651 1854 713 1889; baseline 0 -1"><span class='ocrx_word' id='word_1_99' title='bbox 651 1854 713 1889; x_wconf 73' lang='lat' dir='ltr'>Lxx.</span> 
     </span>
    </p>
   </div>
   <div class='ocr_carea' id='block_1_4' title="bbox 336 1947 1035 2136">
    <p class='ocr_par' dir='ltr' id='par_1_5' title="bbox 336 1947 1035 2136">
     <span class='ocr_line' id='line_1_19' title="bbox 538 1947 844 2004; baseline -0.017 0"><span class='ocrx_word' id='word_1_100' title='bbox 538 1949 611 2004; x_wconf 83' lang='lat' dir='ltr'>Vitae</span> <span class='ocrx_word' id='word_1_101' title='bbox 623 1951 733 2002; x_wconf 76' lang='lat' dir='ltr'>rusticae</span> <span class='ocrx_word' id='word_1_102' title='bbox 747 1947 844 2000; x_wconf 65' lang='lat' dir='ltr'>bader</span> 
     </span>
     <span class='ocr_line' id='line_1_20' title="bbox 336 2034 1035 2136; baseline -0.014 -26"><span class='ocrx_word' id='word_1_103' title='bbox 336 2055 340 2088; x_wconf 58' lang='lat' dir='ltr'><em>s</em></span> <span class='ocrx_word' id='word_1_104' title='bbox 372 2034 449 2136; x_wconf 29' lang='lat' dir='ltr'>&amp;Ji</span> <span class='ocrx_word' id='word_1_105' title='bbox 470 2053 709 2106; x_wconf 83' lang='lat' dir='ltr'><strong>FORTUNATOS</strong></span> <span class='ocrx_word' id='word_1_106' title='bbox 729 2055 843 2116; x_wconf 89' lang='lat' dir='ltr'>nimium,</span> <span class='ocrx_word' id='word_1_107' title='bbox 860 2054 946 2102; x_wconf 84' lang='lat' dir='ltr'>suasi</span> <span class='ocrx_word' id='word_1_108' title='bbox 969 2052 1035 2102; x_wconf 88' lang='lat' dir='ltr'>bona</span> 
     </span>
    </p>
   </div>
   <div class='ocr_carea' id='block_1_5' title="bbox 330 2137 1048 2936">
    <p class='ocr_par' dir='ltr' id='par_1_6' title="bbox 330 2137 1048 2936">
     <span class='ocr_line' id='line_1_21' title="bbox 370 2137 627 2198; baseline -0.012 -11"><span class='ocrx_word' id='word_1_109' title='bbox 370 2185 374 2187; x_wconf 72' lang='grc'><strong>,</strong></span> <span class='ocrx_word' id='word_1_110' title='bbox 535 2137 627 2198; x_wconf 84' lang='lat' dir='ltr'>norint,</span> 
     </span>
     <span class='ocr_line' id='line_1_22' title="bbox 355 2187 1048 2283; baseline 0.004 -21.022"><span class='ocrx_word' id='word_1_111' title='bbox 355 2187 419 2265; x_wconf 43' lang='lat' dir='ltr'>&#39;bil</span> <span class='ocrx_word' id='word_1_112' title='bbox 355 2187 447 2265; x_wconf 51' lang='lat'><em>³3...</em></span> <span class='ocrx_word' id='word_1_113' title='bbox 470 2216 1048 2283; x_wconf 42' lang='lat' dir='ltr'>Agricolas‚qu1bus1pea‚proeuldiscordibus⁴</span> 
     </span>
     <span class='ocr_line' id='line_1_23' title="bbox 430 2301 516 2355; baseline -0.026 -6"><span class='ocrx_word' id='word_1_114' title='bbox 430 2301 516 2355; x_wconf 89' lang='lat' dir='ltr'>armis,</span> 
     </span>
     <span class='ocr_line' id='line_1_24' title="bbox 331 2379 974 2430; baseline -0.002 0"><span class='ocrx_word' id='word_1_115' title='bbox 331 2381 425 2430; x_wconf 85' lang='lat' dir='ltr'>Fundit</span> <span class='ocrx_word' id='word_1_116' title='bbox 435 2381 511 2429; x_wconf 92' lang='lat' dir='ltr'>humo</span> <span class='ocrx_word' id='word_1_117' title='bbox 524 2380 623 2430; x_wconf 81' lang='lat' dir='ltr'>facilem</span> <span class='ocrx_word' id='word_1_118' title='bbox 634 2381 727 2429; x_wconf 84' lang='lat' dir='ltr'>vietum</span> <span class='ocrx_word' id='word_1_119' title='bbox 737 2381 875 2429; x_wconf 84' lang='lat' dir='ltr'>iustissima</span> <span class='ocrx_word' id='word_1_120' title='bbox 885 2379 974 2429; x_wconf 84' lang='lat' dir='ltr'>tellus!</span> 
     </span>
     <span class='ocr_line' id='line_1_25' title="bbox 333 2460 954 2527; baseline -0.003 -15"><span class='ocrx_word' id='word_1_121' title='bbox 333 2462 359 2512; x_wconf 91' lang='lat' dir='ltr'>Si</span> <span class='ocrx_word' id='word_1_122' title='bbox 371 2478 420 2511; x_wconf 90' lang='lat' dir='ltr'>non</span> <span class='ocrx_word' id='word_1_123' title='bbox 432 2463 560 2527; x_wconf 84' lang='lat' dir='ltr'>ingentem</span> <span class='ocrx_word' id='word_1_124' title='bbox 571 2461 667 2511; x_wconf 85' lang='lat' dir='ltr'>foribus</span> <span class='ocrx_word' id='word_1_125' title='bbox 677 2461 765 2510; x_wconf 79' lang='lat' dir='ltr'>domus</span> <span class='ocrx_word' id='word_1_126' title='bbox 776 2460 828 2510; x_wconf 84' lang='lat' dir='ltr'>alta</span> <span class='ocrx_word' id='word_1_127' title='bbox 839 2461 954 2526; x_wconf 78' lang='lat' dir='ltr'>superbis</span> 
     </span>
     <span class='ocr_line' id='line_1_26' title="bbox 332 2541 960 2606; baseline 0.002 -16"><span class='ocrx_word' id='word_1_128' title='bbox 332 2541 408 2590; x_wconf 82' lang='lat' dir='ltr'>Mane</span> <span class='ocrx_word' id='word_1_129' title='bbox 419 2542 573 2591; x_wconf 82' lang='lat' dir='ltr'>salutantum</span> <span class='ocrx_word' id='word_1_130' title='bbox 584 2542 645 2591; x_wconf 84' lang='lat' dir='ltr'>totis</span> <span class='ocrx_word' id='word_1_131' title='bbox 656 2541 734 2591; x_wconf 85' lang='lat' dir='ltr'>vomit</span> <span class='ocrx_word' id='word_1_132' title='bbox 744 2541 848 2591; x_wconf 85' lang='lat' dir='ltr'>aedibus</span> <span class='ocrx_word' id='word_1_133' title='bbox 858 2542 960 2606; x_wconf 88' lang='lat' dir='ltr'>undam,</span> 
     </span>
     <span class='ocr_line' id='line_1_27' title="bbox 332 2621 938 2687; baseline 0.003 -17"><span class='ocrx_word' id='word_1_134' title='bbox 332 2622 385 2671; x_wconf 86' lang='lat' dir='ltr'>Nec</span> <span class='ocrx_word' id='word_1_135' title='bbox 394 2623 477 2671; x_wconf 83' lang='lat' dir='ltr'>varios</span> <span class='ocrx_word' id='word_1_136' title='bbox 488 2622 587 2671; x_wconf 87' lang='lat' dir='ltr'>inhiant</span> <span class='ocrx_word' id='word_1_137' title='bbox 598 2621 703 2687; x_wconf 89' lang='lat' dir='ltr'>pulchra</span> <span class='ocrx_word' id='word_1_138' title='bbox 713 2623 839 2672; x_wconf 77' lang='lat' dir='ltr'>testudine</span> <span class='ocrx_word' id='word_1_139' title='bbox 850 2624 938 2687; x_wconf 88' lang='lat' dir='ltr'>postis,</span> 
     </span>
     <span class='ocr_line' id='line_1_28' title="bbox 330 2702 928 2768; baseline 0.003 -17"><span class='ocrx_word' id='word_1_140' title='bbox 330 2703 481 2766; x_wconf 85' lang='lat' dir='ltr'>Inlusasque</span> <span class='ocrx_word' id='word_1_141' title='bbox 495 2718 557 2752; x_wconf 87' lang='lat' dir='ltr'>auro</span> <span class='ocrx_word' id='word_1_142' title='bbox 567 2709 658 2766; x_wconf 84' lang='lat' dir='ltr'>vestes,</span> <span class='ocrx_word' id='word_1_143' title='bbox 670 2702 850 2768; x_wconf 83' lang='lat' dir='ltr'>Ephyreiaque</span> <span class='ocrx_word' id='word_1_144' title='bbox 860 2719 928 2766; x_wconf 84' lang='lat' dir='ltr'>aera,</span> 
     </span>
     <span class='ocr_line' id='line_1_29' title="bbox 332 2783 906 2849; baseline 0.005 -18"><span class='ocrx_word' id='word_1_145' title='bbox 332 2783 400 2832; x_wconf 87' lang='lat' dir='ltr'>Alba</span> <span class='ocrx_word' id='word_1_146' title='bbox 410 2799 491 2847; x_wconf 89' lang='lat' dir='ltr'>neque</span> <span class='ocrx_word' id='word_1_147' title='bbox 502 2785 613 2849; x_wconf 84' lang='lat' dir='ltr'>Assyrio</span> <span class='ocrx_word' id='word_1_148' title='bbox 625 2784 725 2834; x_wconf 87' lang='lat' dir='ltr'>fucatur</span> <span class='ocrx_word' id='word_1_149' title='bbox 736 2784 794 2834; x_wconf 88' lang='lat' dir='ltr'>lana</span> <span class='ocrx_word' id='word_1_150' title='bbox 804 2800 906 2847; x_wconf 88' lang='lat' dir='ltr'>veneno,</span> 
     </span>
     <span class='ocr_line' id='line_1_30' title="bbox 332 2864 979 2936; baseline 0.005 -23"><span class='ocrx_word' id='word_1_151' title='bbox 332 2864 386 2914; x_wconf 87' lang='lat' dir='ltr'>Nec</span> <span class='ocrx_word' id='word_1_152' title='bbox 396 2866 464 2914; x_wconf 86' lang='lat' dir='ltr'>casia</span> <span class='ocrx_word' id='word_1_153' title='bbox 475 2865 565 2931; x_wconf 88' lang='lat' dir='ltr'>liquidi</span> <span class='ocrx_word' id='word_1_154' title='bbox 577 2867 749 2932; x_wconf 84' lang='lat' dir='ltr'>corrumpitur</span> <span class='ocrx_word' id='word_1_155' title='bbox 760 2866 906 2919; x_wconf 79' lang='lat' dir='ltr'>remoliri:</span> <span class='ocrx_word' id='word_1_156' title='bbox 977 2932 979 2936; x_wconf 28' lang='grc' dir='ltr'>Ι</span> 
     </span>
    </p>
   </div>
   <div class='ocr_carea' id='block_1_6' title="bbox 0 0 1176 3590">
    <p class='ocr_par' dir='ltr' id='par_1_7' title="bbox 0 0 1176 3590">
     <span class='ocr_line' id='line_1_31' title="bbox 0 0 1176 3590; baseline 0 0"><span class='ocrx_word' id='word_1_157' title='bbox 0 0 1176 3590; x_wconf 95' lang='lat' dir='ltr'> </span> 
     </span>
    </p>
   </div>
  </div>
 </body>
</html>
