2310 3592
299 422 302 429 ⁴
331 420 352 431 f<
372 408 611 451 amoenamus.
655 424 658 431 ⁴
800 423 846 467 203

146 502 191 552 Est
201 503 409 568 Phoebifugicns
418 502 564 557 Athamana
575 503 607 555 ad
617 503 693 552 litora
703 512 799 567 portus,
833 510 837 516 '

176 585 233 645 Qua
244 587 313 634 sinus
324 586 410 635 Ioniae
417 601 549 637 murmura
559 585 644 637 condit
654 600 743 647 equae,
799 624 802 631 i

144 667 219 716 Actia
229 667 315 719 Iuleae
325 668 429 734 pelagus
439 676 599 717 monumenta
609 670 717 724 carinae,

176 748 318 798 Nautarnm
329 751 392 799 votis
402 766 452 799 non
462 766 567 815 operosa
577 753 627 801 via.

144 831 200 884 Huc
211 832 300 885 mundi
310 835 391 885 coiere
403 849 507 899 manus3
525 836 595 884 stetit
605 848 712 897 aequore
722 832 799 881 moles
834 856 836 861 v

175 914 263 975 Pinea,
273 930 319 964 nec
328 916 404 964 remis
413 930 493 979 aequa
503 915 603 964 fovebat
613 916 673 964 avis.

144 996 234 1044 Altera
243 996 328 1045 classis
336 1004 393 1046 erat
404 995 502 1046 Teucro
513 997 630 1046 damnato
641 996 756 1056 Quirino,

174 1078 280 1142 Pilaque
291 1078 398 1128 feminea
408 1081 516 1145 turpiter
526 1088 582 1128 acta
593 1095 675 1129 manu.

143 1160 210 1209 Hinc
221 1160 341 1225 Augusta
349 1163 413 1211 ratis
423 1161 503 1227 plenis
513 1162 582 1211 Iovis
592 1162 673 1210 omine
684 1160 754 1221 velis,
833 1164 836 1171 ⁴

175 1240 301 1306 Signaque
311 1243 362 1291 iam
373 1244 469 1307 patriae
479 1244 579 1292 sineere
589 1242 662 1291 docta
672 1257 740 1292 suae.

143 1319 254 1371 Tandem
266 1322 331 1371 acies
340 1324 451 1387 geminos
462 1323 560 1372 Nereus
570 1323 671 1372 lunarat
680 1324 706 1371 in
716 1338 804 1389 arcus,

174 1404 313 1452 Armorum
323 1404 400 1453 radiis
410 1405 478 1469 pieta
489 1404 611 1453 tremebat
621 1419 704 1481 aqua)
786 1420 788 1423 ·

142 1482 205 1535 Cum
216 1484 334 1534 Phoebus
344 1485 460 1547 linquens
470 1494 613 1535 stantemse
623 1486 720 1534 vindice
731 1483 844 1534 Deion—

174 1561 241 1610 Nam
251 1562 310 1611 tulit
321 1564 398 1612 iratos
408 1562 507 1615 mobilis
519 1579 570 1612 una
581 1562 694 1618 Notos-

143 1642 233 1693 Astitit
243 1644 356 1708 Augusti
368 1645 472 1709 puppim
484 1660 568 1710 super,
579 1652 606 1693 et
616 1660 679 1693 nove
689 1643 788 1692 flamme

173 1723 252 1773 Luxit
263 1726 290 1773 in
300 1725 427 1788 obliquam
436 1732 476 1774 ter
487 1727 587 1775 sinuata
597 1725 683 1779 facem.

143 1803 198 1854 Non
209 1805 252 1855 ille
262 1805 383 1855 attulerat
392 1808 475 1857 crines
486 1808 512 1858 in
523 1807 586 1857 colla
597 1806 698 1868 solutos,

174 1883 228 1931 Aut
239 1881 395 1932 testudineae
406 1899 506 1933 carmen
517 1885 611 1934 inerme
622 1883 693 1948 lyrae
703 1903 711 1948 3

143 1958 190 2009 Sed
200 1961 269 2025 quali
281 1963 380 2029 aspexit
390 1961 525 2026 Peiopeum
535 1963 725 2027 Agamemnona
736 1961 816 2022 vultu,

172 2039 322 2104 Egessitque
333 2039 413 2087 avidis
424 2037 518 2088 Dorica
529 2048 612 2087 castra
623 2040 708 2103 rogis:

143 2119 195 2191 Aut
204 2120 287 2184 qualis
296 2119 376 2187 flexos
386 2119 460 2168 solvit
472 2119 591 2183 Pythona
601 2135 646 2184 per
657 2119 730 2168 orbes

174 2199 328 2267 Serpentem,
338 2201 450 2267 imbeiles
461 2218 535 2266 quem
546 2203 650 2251 timuere
661 2202 740 2267 lyrae.

143 2280 203 2345 Mox
213 2284 257 2344 ait,
266 2288 274 2312 ⁴
283 2281 306 2331 Ο
315 2281 392 2346 longa
403 2283 489 2331 mundi
500 2290 612 2347 servator
622 2283 654 2330 ab
664 2282 741 2351 Alba,

171 2364 297 2427 Auguste.
309 2362 441 2431 Hectoreis
452 2365 551 2430 cognite
562 2365 642 2413 maior
652 2365 713 2435 aris,

142 2444 220 2496 Vince
226 2447 309 2495 mari:
328 2448 379 2494 iam
388 2453 456 2499 terra
464 2454 509 2496 tua
517 2447 633 2505 estitibi
642 2432 735 2498 militat
742 2461 832 2509 arcus,

170 2523 203 2573 Et
214 2524 282 2573 favet
293 2539 327 2573 ex
337 2523 449 2573 humeris
460 2525 507 2574 hoc
517 2540 581 2574 onus
592 2540 663 2573 omne
674 2525 743 2573 meis.

142 2604 210 2656 Solve
220 2614 290 2655 metu
301 2607 421 2671 patriam,
432 2622 496 2671 quae
506 2622 572 2655 nunc
584 2614 609 2655 te
619 2606 715 2654 vindice
724 2605 790 2656 freta
833 2660 834 2663 ,

169 2687 292 2755 Imposuit
303 2703 396 2753 prorae
405 2688 502 2753 publica
514 2697 573 2738 vota
582 2696 649 2737 tuae.

141 2768 217 2830 Quam
227 2774 277 2822 nisi
289 2770 417 2832 defendes,
429 2786 558 2820 murorum
569 2770 692 2820 Romulus
703 2786 785 2836 augur
828 2806 832 2813 .

168 2852 207 2902 Ire
218 2851 351 2919 Palatinas
363 2867 413 2900 non
423 2852 485 2924 bene
496 2851 558 2901 vidit
569 2867 634 2900 aves.
