2310 3592
311 375 359 422 ²54
455 359 690 406 suruonoors
716 363 861 407 urrisu.

308 451 425 503 Caesarie
436 453 528 518 lanera,
539 455 661 523 nudisque
669 457 769 508 adstare
777 457 888 523 laeertis,

309 536 344 585 Et
354 538 447 601 gemitu
458 540 585 603 permixta
593 539 675 604 loqui:
693 539 766 600 ‘Quo
777 540 879 590 tenditis
889 540 977 591 ultra?

310 617 367 679 Quo
378 619 449 669 fertis
459 634 516 669 mes
527 621 608 686 signa,
619 621 687 671 viri?
714 620 741 671 Si
752 623 808 671 iure
818 623 918 679 venitis,

311 697 339 748 Si
348 700 425 762 eires,
434 698 485 750 hue
496 716 576 767 usque
587 700 662 752 lieet!
695 702 759 751 Tum
771 702 878 768 perculit
889 702 978 753 horror

311 779 426 830 Membra
434 781 517 847 duois5
528 784 628 848 riguere
635 799 730 846 comae,
737 799 888 850 gressusque
895 799 1009 833 coereeus

310 861 429 928 languor
440 864 465 912 in
477 871 590 913 extreme
601 866 683 914 tenuit
692 865 799 931 vestigia
808 865 873 930 ripa.

311 943 374 993 Mox
384 946 435 997 ait:
452 945 490 996 ‘O
500 961 606 1011 niagnae
617 946 661 1011 qui
671 947 770 994 moenis
779 946 900 1011 prospieis
911 945 980 995 urbis

310 1024 419 1091 Tarpeia
429 1027 460 1076 de
471 1042 541 1092 rupe,
552 1026 662 1089 Tonans,
673 1026 832 1092 Phrygiique
842 1035 946 1092 penates

311 1106 401 1158 Gentis
412 1107 505 1167 Iuleae,
516 1116 543 1158 et
553 1109 620 1173 rapti
631 1116 727 1157 secreta
738 1107 850 1168 Quirini,

310 1188 345 1238 Et
355 1189 466 1239 residens
475 1189 542 1239 oelss
552 1189 657 1239 Latialis
668 1189 782 1255 Iuppiter
792 1188 871 1252 Alba,

311 1270 476 1341 Vestslesque
485 1271 543 1329 iooi,
553 1272 693 1336 summique
703 1288 719 1320 o
729 1271 838 1319 numinis
849 1272 929 1320 instar

312 1351 401 1415 Roma,
410 1352 467 1403 fave
477 1353 578 1418 ooeptis.
612 1352 669 1401 Non
680 1359 706 1402 te
716 1352 848 1402 furialibus
858 1355 935 1403 armis

310 1433 459 1499 Persequor.
493 1434 542 1497 En,
553 1435 650 1495 adsum
663 1435 741 1483 vietor
751 1441 869 1499 terraque
880 1436 991 1500 marique

312 1514 414 1578 Caesar,
430 1516 525 1582 ubique
541 1523 609 1578 tuus,
624 1515 698 1565 lieest
713 1514 796 1576 modo,
812 1531 880 1565 nuno
896 1531 1001 1581 quoque,

408 1597 486 1647 miles

312 1677 359 1728 llle
367 1680 425 1737 erit,
435 1678 478 1730 ille
489 1693 589 1740 nooens,
601 1679 645 1743 qui
655 1695 695 1728 me
705 1678 752 1727 tibi
763 1678 851 1728 feeerit
860 1679 972 1729 hostem?

312 1760 374 1810 Inde
384 1775 467 1809 morus
478 1760 551 1809 solvit
561 1759 628 1823 belli,
638 1759 811 1824 tumidumque
820 1774 866 1824 per
877 1776 974 1810 emnem

313 1841 393 1906 Signa
402 1841 461 1891 tulit
470 1856 583 1906 propere.
620 1840 690 1891 Siout
701 1839 872 1905 squalentibus
882 1843 949 1890 srvis

313 1924 455 1972 Aestiferae
466 1922 559 1986 Libyes
570 1923 623 1970 viso
634 1922 673 1972 leo
683 1922 821 1971 oomminus
830 1919 904 1971 hoste

314 2002 431 2053 Subsedit
440 2004 539 2064 dubius,
549 2010 628 2052 totam
639 2003 698 2052 dum
708 2003 805 2069 colligit
814 2002 893 2068 iram3

313 2084 377 2134 Mox
388 2086 431 2134 ubi
442 2100 469 2134 se
479 2100 566 2134 saevae
578 2084 716 2133 stimulavit
726 2084 830 2134 verbere
839 2085 934 2133 eandm

312 2167 450 2231 Erexitque
461 2167 541 2229 iubas,
551 2173 621 2216 vasto
631 2175 657 2215 et
667 2180 744 2231 greve
753 2179 868 2217 murmur
879 2166 950 2216 histu

312 2248 460 2299 Infremuit=
478 2255 541 2311 tum,
552 2255 619 2297 torta
630 2246 691 2295 levis
702 2246 724 2296 si
735 2247 822 2296 lsnoea
831 2246 917 2296 Mauri

314 2331 434 2391 Haereat,
445 2337 490 2380 aut
500 2331 579 2379 letum
590 2328 695 2378 subeant
706 2327 827 2378 venabula
838 2335 935 2393 peetus,

314 2411 364 2461 Per
375 2411 479 2473 ferrum,
491 2413 556 2461 tanti
566 2425 668 2460 securus
680 2408 798 2472 vulneris,
808 2410 868 2459 exit

345 2493 425 2543 Fonte
434 2493 502 2542 eadit
512 2492 615 2552 modion,
625 2490 761 2556 parvisque
772 2490 909 2555 impellitur
920 2491 992 2540 undis

315 2573 438 2644 Pnniqeus
451 2572 572 2635 Rubicon,
583 2588 639 2621 eum
651 2572 748 2622 fervida
759 2571 861 2621 oouduit
871 2579 966 2624 aestas:

314 2654 413 2721 Perque
424 2655 487 2704 imas
498 2655 577 2719 serpit
586 2653 671 2714 valles,
681 2660 709 2703 et
720 2652 818 2703 Gellius
828 2660 912 2704 sertus

314 2737 397 2786 Limes
409 2736 441 2784 sb
451 2736 574 2785 Ausoniis
585 2735 742 2784 disterminet
752 2749 814 2783 arse
823 2734 927 2785 solonis.

314 2814 380 2863 Tum
391 2816 459 2864 vires
470 2813 605 2878 praebebat
615 2814 721 2878 hiemps,
732 2820 809 2878 atque
819 2823 929 2865 suxerat
937 2813 1014 2864 undas
