2360 3598
404 438 611 482 TERENTIUS.
818 455 845 488 21

194 534 240 580 Me.
259 529 389 593 Chremes,
400 537 528 580 tantumne
539 531 570 579 ab
580 546 609 579 re
620 538 686 580 tnast
696 534 732 581 oti
741 533 796 593 tibi,

164 609 252 658 Aliena
262 618 291 658 nt
300 626 372 660 eures
382 626 460 674 eaque
471 610 504 658 nil
513 627 576 675 qnae
587 611 619 658 ad
631 619 655 659 te
666 612 793 661 attinent?

197 692 237 738 ot.
255 689 337 738 Homo
347 705 415 739 snm:
433 690 534 738 hnmani
543 690 578 738 nil
588 706 604 738 a
615 707 653 739 me
664 691 769 738 alienum
779 698 847 755 puto.

163 769 211 817 Vel
221 784 261 817 me
271 771 370 818 monere
381 769 428 818 hoe
438 769 477 817 vel
488 772 626 833 percontari
637 780 710 835 pugn:

163 845 297 906 Rectnmst,
308 861 355 910 ego
366 845 504 910 ntfaeiam3
523 854 625 907 nonest,
634 854 658 893 te
666 855 695 894 ut
703 847 848 896 deterream.
862 861 897 893 ν

192 928 238 974 Ma
256 924 323 972 Mihi
334 926 369 973 sie
379 932 418 973 est
429 939 501 975 usus:
519 926 564 974 tibi
574 932 602 974 ut
612 941 674 990 opus
684 927 779 987 factost,
787 928 847 976 saee.

195 1007 235 1054 Gla
253 1005 297 1052 An
308 1005 466 1067 quoiquamst
476 1020 536 1054 usus
546 1004 641 1054 homini
652 1020 678 1054 se
688 1013 718 1055 ut
727 1006 839 1055 cruciet?

191 1087 238 1132 Me.
778 1083 847 1132 Mihi.

468 1309 545 1345 xvm„

319 1411 440 1483 Adelphi.
475 1410 537 1466 Aet.
552 1428 595 1464 ιιι.
609 1428 646 1465 se.
659 1409 696 1464 iii.

416 1538 508 1593 Demea,
519 1534 600 1598 Syrus.

463 1638 551 1687 Demea.

164 1967 233 2027 (Non
244 1968 303 2031 quia
313 1965 372 2013 ades
382 1977 498 2028 praesens
508 1962 627 2024 dicnhoc)
633 1962 779 2026 pernimium
785 1961 849 2008 inter

260 2054 304 2095 est.

165 2125 212 2189 Tu,
222 2133 330 2190 quantus
340 2124 464 2188 quantu's,
474 2122 509 2171 nil
519 2122 566 2170 nisi
574 2122 736 2186 sapientiam,

164 2206 209 2255 Ille
220 2207 349 2255 somnium.
382 2218 442 2251 num
452 2203 544 2251 sineres
554 2216 612 2250 vero
619 2202 689 2249 illum
698 2208 765 2249 tunm

166 2285 257 2335 Funere
267 2284 346 2333 haee?

196 2369 241 2414 De.
259 2363 370 2412 Sinerem
380 2361 469 2410 illum?
485 2367 529 2409 ant
539 2376 588 2409 non
599 2374 643 2409 sex
652 2360 711 2408 totis
721 2358 843 2407 mensibus

167 2443 239 2505 Brins
249 2444 392 2499 olfecissem,
402 2457 476 2505 qnam
487 2440 528 2489 ille
539 2442 670 2504 quicquam
681 2437 811 2503 coeperet?

197 2525 235 2587 sy.
252 2522 416 2586 Vigilantiam
428 2528 496 2569 tuam
506 2527 534 2569 tu
542 2521 603 2569 mihi
612 2519 717 2568 narras?

196 2606 242 2654 Da
687 2597 727 2647 Sic
738 2600 785 2647 siet

166 2682 242 2732 Modo
252 2689 281 2730 ut
291 2696 357 2730 nune
367 2689 411 2737 est,
422 2696 521 2746 quaeso.

197 2764 234 2825 Sy.
381 2761 419 2810 Ut
429 2762 533 2825 quisque
543 2775 612 2809 suom
624 2760 675 2809 volt
684 2774 745 2821 esse,
755 2759 822 2808 itast.

198 2846 243 2894 De.
260 2841 329 2902 Quid
339 2842 415 2890 eum?
430 2841 531 2890 vidistin
539 2840 630 2890 hodie?
