2360 3598
400 418 604 460 nundinius,
831 434 861 479 73

159 512 287 560 Robustus
298 527 401 576 quoque
411 512 461 560 iem
472 513 551 561 tauris
561 513 622 576 iuge
633 512 711 561 solvet
721 519 822 575 erator3

159 593 212 641 Nec
222 593 305 641 varios
317 593 398 642 discet
407 595 508 642 mentiri
518 594 576 641 laun
586 595 694 656 colores,

158 674 215 738 Ipse
227 673 272 722 sed
280 675 308 722 in
319 675 400 738 pratis
410 675 476 723 eries
487 676 537 723 ium
548 690 623 722 suave
634 675 736 723 rubenti

157 754 267 813 Murice,
278 757 330 803 ium
337 771 425 804 croceo
434 756 541 804 mutabit
550 755 644 804 vellere
655 756 709 804 luto
719 776 725 820 3

157 835 253 900 Sponte
265 852 313 885 sua
322 835 423 901 sandyx
431 838 554 901 pascentis
565 838 655 886 vestiet
666 852 750 902 agnos.

157 917 231 966 Talia
243 918 336 971 saecla.
347 918 400 966 suis
412 917 539 974 dixerunt,
549 919 652 980 currite,
663 919 726 967 fusis

157 998 305 1048 Concordes
315 998 400 1046 stabili
411 998 520 1046 satorum
531 1001 632 1047 numine
644 999 746 1047 Parcae.

157 1078 311 1145 Adgredere
318 1096 333 1128 o
340 1080 557 1144 magnos-aderit
565 1081 615 1128 iam
622 1080 868 1145 tempus-honores,

156 1160 223 1209 Cura
233 1161 314 1209 deum
325 1161 433 1222 soboles,
444 1177 562 1226 magnum
573 1162 639 1211 Iovis
651 1163 844 1211 incrementum!

158 1243 252 1306 Aspice
263 1257 380 1291 convexo
391 1249 521 1291 nutantem
529 1243 639 1307 pondere
649 1242 777 1302 mundum,

158 1323 305 1388 Terrasque
318 1329 462 1387 tractusque
472 1326 549 1373 muris
556 1324 701 1387 caelumque
708 1323 866 1388 profundum,

159 1406 260 1470 Aspice,
271 1412 383 1454 venturo
395 1405 521 1454 laetantur
532 1415 560 1454 ut
571 1407 654 1454 omniu
665 1405 758 1454 saeclo!

160 1488 251 1535 Omihi
262 1496 321 1535 tum
333 1485 423 1551 longae
434 1494 533 1536 maneat
543 1503 602 1551 pars
613 1486 702 1537 ultima
712 1488 786 1547 vitae,

159 1567 267 1632 Spiritus
278 1576 321 1627 et,
332 1576 454 1631 quantum
465 1576 504 1617 set
513 1570 562 1617 erit
573 1576 617 1618 tua
626 1569 707 1617 dicere
719 1569 785 1617 faeta
795 1590 801 1618 ι

162 1650 216 1699 Non
228 1667 268 1699 me
277 1649 438 1700 carminibus
450 1651 531 1699 vincet
541 1666 587 1699 nec
598 1650 722 1699 Thracius
734 1650 856 1715 Orpheus,

161 1729 212 1779 Nec
225 1732 322 1789 Linu5‚
334 1729 392 1779 huic
408 1737 489 1780 mater
502 1732 615 1795 quumvis
632 1739 707 1796 utque
723 1732 781 1780 huic
797 1741 868 1796 peter

254 1810 336 1871 adsit,

162 1894 255 1957 Orphei
266 1891 410 1956 Calliopea,
422 1891 487 1941 Lino
498 1892 621 1943 formosus
632 1893 732 1957 Apollo.

165 1974 217 2023 Pnn
227 1976 315 2036 etiam,
326 1973 444 2021 Arcadia
454 1990 550 2022 mecum
563 1975 584 2023 si
594 1975 674 2023 iudice
685 1983 770 2033 certet,

162 2057 213 2105 Pan
222 2058 300 2105 etium
312 2054 429 2103 Arcadia
440 2055 507 2104 dicut
518 2071 543 2104 se
556 2056 636 2105 iudice
646 2058 748 2105 victum.

162 2136 250 2202 Incipe,
260 2153 342 2202 parve
353 2151 425 2200 puer,
434 2136 487 2184 risu
497 2153 646 2202 cognoscere
657 2145 777 2186 matrem:

163 2218 236 2269 Matri
246 2220 324 2285 longa
336 2218 423 2267 decem
434 2217 545 2266 tulerunt
555 2219 656 2268 fastidia
666 2226 776 2283 mentes3

161 2299 251 2365 Incipe,
264 2315 346 2365 parve
358 2314 437 2364 puer:
454 2301 496 2348 cui
506 2315 556 2349 non
566 2301 644 2349 risere
654 2309 780 2366 parentes,

162 2380 211 2431 Nec
221 2382 282 2433 deus
294 2383 364 2430 hunc
375 2396 469 2443 mensu,
480 2380 527 2431 dea
537 2397 583 2431 nee
593 2382 696 2448 dignata
707 2383 782 2431 cubili
795 2391 839 2432 est.

468 2637 572 2735 <elce
