2310 3592
480 364 715 410 ANTHOLOGIA
742 366 891 410 LATINA.

668 604 708 640 CL·
730 601 750 641 θ

564 726 672 800 Sappho
684 729 795 782 Phaoni.

341 843 370 929 gs,
379 842 410 871 ’τ’
420 842 437 909 Τ
458 859 578 921 CQUID,
590 867 619 909 ut
629 860 745 926 adspecta
754 867 794 909 est
805 861 933 913 studiosae
940 864 1020 913 littera

420 990 432 1014 s
554 941 666 999 dextrae,
799 1001 801 1008 Ι

374 1014 421 1076 -ji
433 1035 446 1058 ‘f
505 1022 624 1072 Protinus
635 1023 759 1072 asseculis
770 1025 872 1092 cognita
882 1032 969 1076 nostra
978 1027 1031 1087 tuis,

333 1107 386 1166 An,
398 1106 445 1154 uisi
454 1104 558 1169 legisses
569 1105 677 1152 auctoris
688 1105 789 1153 nomina
800 1103 927 1169 Sapphus,

366 1182 422 1232 Hoc
431 1182 506 1231 breve
516 1183 623 1231 nescires
634 1181 700 1230 unde
711 1189 825 1231 movetur
835 1182 918 1246 opus?

333 1263 451 1312 Forsitan
461 1270 502 1332 ett
507 1278 586 1327 quare
596 1278 653 1311 mea
664 1264 714 1312 sint
724 1263 830 1325 alterna,
841 1265 958 1328 requiris,

365 1345 491 1404 Carmina,
502 1360 559 1393 cum
569 1344 655 1410 lyricis
666 1346 714 1401 sim
724 1346 805 1411 magis
815 1353 876 1411 apta
887 1346 973 1395 modis.

333 1427 443 1476 Flendus
455 1442 524 1475 amor
535 1442 605 1475 meus
615 1434 662 1476 est.
696 1427 801 1494 Elegeia
811 1427 894 1477 flebile
905 1444 1016 1477 carmen:

366 1508 423 1557 Non
434 1508 494 1556 facit
505 1507 537 1555 ad
548 1507 663 1556 lacrimas
674 1508 785 1558 barbitos
796 1509 847 1559 ulla
858 1526 966 1559 meas-

332 1589 405 1652 Ecce,
417 1590 498 1638 iacent
509 1588 571 1638 collo
582 1590 663 1654 sparsi
674 1591 726 1639 sine
737 1590 793 1655 lege
804 1590 897 1656 capilli,

363 1670 417 1719 Nec
427 1671 518 1735 premit
529 1669 647 1718 articulos
657 1670 740 1720 lucida
751 1686 850 1736 gemma
860 1687 937 1722 meos.

332 1752 411 1801 Veste
422 1758 494 1816 tegor
504 1750 563 1800 vili:
579 1750 674 1798 nullum
685 1758 723 1799 est
735 1751 761 1799 in
771 1752 882 1801 crinibus
893 1768 986 1811 aurum,

364 1823 423 1884 Non
433 1832 549 1882 Arabum
558 1839 644 1881 noster
654 1847 711 1881 rore
720 1832 826 1897 capillus
835 1833 892 1883 cleu

331 1915 379 1965 Cui
389 1915 457 1964 colar
467 1914 562 1977 infelix,
574 1920 618 1962 aut
628 1914 668 1963 cui
678 1914 800 1979 placuisse
812 1914 944 1964 laborem?

364 1997 411 2047 Ille
420 1996 470 2045 mei
479 1995 561 2045 cultus
574 1996 661 2043 unicus
673 2003 759 2044 auctor
769 1995 847 2045 abesa

331 2077 408 2126 Molle
419 2092 502 2126 meum
512 2076 656 2139 levibusque
668 2090 710 2124 cor
721 2081 760 2124 est
770 2075 886 2139 violabile
895 2077 960 2139 telis,

363 2160 398 2209 Et
408 2174 505 2223 semper
515 2173 590 2207 causa
601 2165 646 2216 est,
658 2173 703 2205 cur
713 2172 761 2222 ego
772 2172 869 2222 semper
880 2174 965 2208 amem.

332 2239 389 2289 Sive
402 2240 438 2288 ita
447 2240 560 2289 nascenti
570 2239 651 2304 legem
661 2239 748 2287 dixere
757 2237 869 2301 Sorores,

364 2322 418 2371 Nec
428 2322 486 2371 data
497 2329 555 2370 sunt
569 2322 634 2370 vitae
643 2320 686 2369 fila
698 2336 782 2377 severa
793 2337 871 2382 meae,

331 2402 388 2453 Sive
399 2403 491 2452 abeunt
502 2402 584 2451 studia
596 2403 621 2450 in
631 2417 721 2463 mores,
732 2403 842 2466 artisque
854 2406 968 2468 magistra

362 2485 494 2551 Ingenium
505 2484 575 2533 nobis
586 2483 659 2532 molle
670 2483 761 2532 Thalia
770 2483 874 2533 fucit.-

321 2565 376 2614 'Est
384 2566 487 2627 nitidus,
498 2567 611 2629 vitroque
622 2566 703 2631 magis
713 2565 856 2629 perlucidus
865 2566 938 2621 omni,

362 2647 428 2697 Fons
440 2662 526 2696 sacerz
545 2647 611 2694 hunc
623 2647 696 2695 multi
707 2662 798 2695 numen
810 2647 901 2696 habere
910 2649 1011 2711 putant:

331 2728 413 2789 Quem
424 2744 499 2793 snpra
510 2744 591 2778 remos
603 2727 716 2777 extendit
727 2730 843 2792 aquatica
852 2730 920 2787 lotos,
931 2771 936 2783 ,

363 2808 423 2858 Una
432 2823 529 2869 namus,
539 2816 625 2857 tenero
636 2809 745 2873 caespite
757 2817 825 2859 terra
836 2811 905 2859 vires
