2310 3592
322 392 369 444 2⁶4
466 383 699 427 sunnonem
725 383 871 427 narrar.

326 479 380 528 Iam
393 483 477 543 posset
487 478 558 528 civile
570 478 631 544 geri
666 477 799 528 Pharsalia
809 478 874 528 tanti

323 559 418 609 Caussa
428 559 495 609 mali.
527 557 624 609 Cedant
632 560 722 609 feralia
730 561 830 610 nomina
839 558 950 620 Cannae,

324 640 669 691 Etdamnatadiultomanis
680 641 838 692 suarna.
1042 628 1046 635 '

325 722 450 787 Tempora
460 723 567 787 signavit
576 721 696 771 leviorum
709 723 790 772 Roma
798 721 922 771 malorum
934 742 941 771 z

322 804 397 853 Hunc
407 803 485 854 voluit
495 804 590 853 nescire
599 804 671 853 diem.
705 803 756 854 Pro
764 805 848 854 tristia
857 803 926 853 fata!

322 887 394 935 nera
404 885 548 950 pestiferum
559 892 648 944 tractu,
659 885 808 950 morbosque
818 884 934 942 fluentes,

323 969 490 1032 Insanamque
501 966 601 1028 famem,
612 968 794 1032 permissasque
805 966 907 1032 ignibus
916 965 996 1021 urbes,

322 1044 473 1108 Moeniaque
484 1045 511 1093 in
520 1059 638 1109 praeceps
647 1044 742 1094 laturos
752 1044 827 1109 plena
836 1052 957 1093 tremores

322 1126 357 1175 Hi
367 1133 469 1191 possent
478 1126 578 1190 explere
589 1127 645 1183 viri,
656 1141 718 1190 qnos
727 1124 837 1190 undique
846 1126 926 1174 traxit

320 1208 351 1256 In
360 1207 476 1257 mmeram
486 1206 599 1256 Fortuna
608 1223 703 1266 necem,
713 1207 772 1256 dum
783 1222 888 1256 munera
898 1207 966 1272 longi

320 1289 436 1355 Explicat
445 1289 553 1354 eripiens
561 1290 622 1347 aevi,
630 1288 783 1353 populosque
794 1287 919 1352 ducesque

321 1369 457 1419 Constituit
468 1370 578 1435 campis:
595 1384 640 1433 per
651 1385 713 1434 quos
723 1369 780 1431 tibi,
790 1369 879 1426 Roma,
891 1369 973 1417 ruenti

322 1450 451 1507 Ostendat,
463 1465 538 1514 quam
547 1466 639 1515 magna
648 1450 730 1499 cadas.
763 1449 821 1510 Quo
830 1449 907 1499 latius
917 1448 1000 1499 orbem

320 1530 441 1588 Possedit,
453 1531 528 1580 citius
537 1546 582 1596 per
593 1546 713 1596 prospera
721 1530 775 1580 fata
784 1531 904 1580 cucurrit

320 1613 400 1663 Omne
411 1613 457 1662 tihi
467 1612 560 1662 bellum
571 1619 658 1678 gentes
669 1611 737 1661 dedit
746 1611 861 1661 omnihus
872 1614 955 1662 annis:
1141 1674 1142 1679 ¹

320 1695 493 1760 Tegeminum
504 1693 581 1743 Titan
590 1693 723 1758 procedere
734 1693 797 1743 vidit
808 1695 926 1743 inanem.
1141 1684 1142 1773 i

322 1777 397 1826 Haud
409 1776 516 1825 multum
526 1784 607 1826 terrae
618 1776 726 1841 spatium
736 1774 847 1825 restabat
858 1775 937 1838 ane,

320 1857 358 1907 Ut
366 1858 413 1906 tihi
421 1873 482 1920 non,
490 1856 536 1906 tibi
546 1863 601 1906 tota
610 1856 671 1916 dies,
683 1856 729 1905 tibi
739 1862 854 1906 curreret
861 1856 958 1914 aether,

318 1939 456 2002 Omniaque
467 1944 579 1987 errantes
589 1937 676 1987 stellae
685 1938 799 1987 Romana
807 1937 927 1987 viderent

321 2020 369 2070 Sed
380 2027 447 2069 retro
457 2027 502 2069 tua
512 2019 565 2069 fata
575 2019 641 2082 tulit,
650 2035 696 2085 par
707 2019 822 2070 omnibus
832 2021 906 2070 annis

318 2101 450 2151 Emathiae
459 2101 558 2150 funesta
568 2100 628 2149 dies.
667 2100 723 2150 Hac
733 2100 787 2151 luce
798 2109 903 2151 cruenta

316 2183 449 2241 Effectum,
461 2189 489 2231 ut
499 2181 585 2231 Latios
597 2198 646 2232 non
656 2182 757 2232 horreat
766 2183 841 2232 India
850 2183 938 2242 fasces,

319 2265 373 2315 Nec
384 2266 473 2314 vetitos
483 2279 567 2313 errare
578 2263 664 2314 Dahas
675 2266 701 2313 in
709 2266 808 2314 moenia
817 2265 901 2324 ducat,

319 2346 533 2410 Sarmaticumque
544 2352 642 2411 premat
652 2348 791 2396 succinctus
801 2347 888 2397 consul
898 2354 1013 2397 aratrum.

317 2429 391 2491 Quod
401 2444 499 2494 semper
509 2443 595 2477 saevas
605 2427 678 2479 debet
687 2429 734 2479 tibi
745 2427 851 2478 Parthia
861 2445 962 2496 poenas,

316 2511 389 2572 Quod
398 2509 497 2576 fugiens
505 2509 576 2558 civile
586 2510 665 2571 nefas,
675 2510 836 2575 redituraque
846 2525 981 2576 numquam

318 2593 442 2654 Libertas,
453 2590 519 2640 ultra
531 2589 629 2657 Tigrim
639 2590 805 2655 Rhenumque
816 2594 959 2642 recessit-

317 2677 376 2725 Ah!
391 2677 465 2725 toties
474 2674 546 2724 nobis
556 2675 642 2740 iugulo
654 2676 776 2739 quaesita,
788 2686 905 2738 vagatur,

314 2757 467 2808 Germanum
479 2755 672 2820 Scythicumque
678 2756 779 2820 bonum,
784 2773 830 2807 nec
837 2759 941 2823 respicit
950 2755 1012 2806 ultra

313 2838 451 2886 Ausoniam
462 2857 468 2887 ε
484 2836 580 2894 vellem,
590 2838 688 2903 populis
698 2839 826 2904 incognita
834 2839 934 2901 nostris,
