2320 3590
406 418 609 462 VERGILIUS.

475 582 549 617 LXIV.

361 683 517 755 Georgicon.
558 688 618 741 Lib.
631 688 649 741 i.

459 809 543 856 Labor.

178 917 189 970 ιλ
283 901 326 952 Ec
346 910 438 962 tamen,
457 905 518 956 haee
535 924 591 956 eum
606 911 656 959 siut
676 912 853 978 hominumque

174 971 201 1028 ¹
348 983 474 1051 boumque
484 988 582 1039 labores

165 1053 182 1122 ¹.
230 1066 231 1072 ’
299 1063 432 1116 Versando
440 1074 531 1118 terram
542 1074 648 1135 experti,
657 1073 720 1122 nihil
731 1076 852 1140 inprobus

264 1161 338 1194 anser

153 1226 362 1291 Suymouiaeque
371 1244 447 1293 giuas
457 1239 483 1278 et
493 1235 584 1282 amaris
595 1235 676 1284 intiba
685 1238 756 1287 fibris

151 1308 271 1357 Officiunt
280 1317 325 1357 aut
335 1310 424 1359 umbra
434 1320 514 1363 nocet.
547 1315 625 1365 Pater
634 1319 687 1382 ipse
697 1322 791 1370 colendi

151 1390 228 1439 Haud
239 1390 335 1438 facilem
341 1407 395 1441 essa
403 1394 469 1441 viam
478 1395 563 1453 voluit,
569 1400 714 1466 primusque
723 1414 853 1467 parantem

152 1471 234 1519 Movit
245 1486 329 1536 agros,
339 1474 405 1522 curis
416 1489 507 1524 acuens
518 1479 632 1527 mortalia
641 1482 724 1543 corda,

153 1550 206 1600 Neo
216 1559 316 1615 torpere
326 1555 399 1616 gravi
409 1570 497 1618 passus
507 1572 552 1606 sua
562 1575 640 1624 regna
647 1571 756 1612 veterno.

153 1633 223 1682 Ante
234 1633 319 1681 lovem
328 1635 391 1684 nulli
401 1636 550 1702 subigebant
560 1656 621 1691 arva
630 1644 710 1693 coloni
716 1665 724 1710 3

155 1715 194 1764 Ne
205 1716 307 1780 signare
318 1717 419 1779 quidem
431 1728 475 1767 aut
485 1722 575 1784 partiri
585 1722 664 1772 limite
675 1741 790 1791 eampum

154 1795 203 1844 Fas
214 1803 287 1844 erat:
306 1797 332 1844 in
342 1797 451 1846 medium
463 1802 625 1865 quaerebant,
635 1804 738 1869 ipsaque
749 1808 822 1857 tellus

154 1877 245 1926 Omnia
255 1876 367 1935 liberius,
376 1878 445 1928 nullo
456 1889 579 1944 poscente,
590 1883 693 1935 ferebat.

153 1957 199 2006 Ille
210 1957 304 2006 malum
316 1961 384 2019 virus
396 1963 551 2025 serpentibus
562 1965 657 2015 addidit
667 1969 737 2025 atris,

153 2038 323 2102 Praedarique
333 2041 406 2106 lupos
415 2043 496 2105 iussit,
508 2053 660 2108 pontumque
671 2052 772 2108 moveri,

152 2121 279 2185 Mellaque
291 2121 400 2170 decussit
410 2123 484 2182 foliis,
496 2127 628 2192 ignemque
638 2132 750 2192 removit,

151 2202 185 2251 Ilt
195 2203 288 2268 passim
299 2204 361 2251 rivis
371 2208 498 2254 currentia
508 2209 565 2256 vina
575 2212 702 2274 repressit,

152 2282 188 2331 Ut
198 2285 282 2332 varias
293 2300 353 2333 usus
363 2285 506 2335 meditando
516 2291 665 2340 extunderet
675 2295 736 2342 artis

152 2365 286 2428 Paulatim,
298 2373 324 2414 et
337 2366 411 2415 auleis
421 2368 540 2418 frumenti
550 2383 681 2434 quaereret
690 2375 801 2433 herbam,

152 2445 189 2495 Ut
199 2447 277 2496 silicis
289 2448 358 2496 venis
369 2448 511 2497 abstrusum
521 2453 655 2502 excuderet
663 2457 755 2519 ignem.

153 2527 222 2578 'lune
232 2529 304 2577 alnos
315 2530 424 2593 primum
436 2530 505 2578 fluvii
515 2547 613 2582 sensere
624 2545 738 2601 cavatas5

152 2605 244 2654 Navita
256 2614 311 2654 tum
324 2606 402 2655 stellis
413 2623 530 2656 numeros
542 2617 567 2658 et
577 2612 678 2660 nomina
690 2613 757 2672 feeit,

152 2685 275 2750 Pleiadas,
288 2686 404 2752 Hyadas,
415 2687 559 2752 claramque
569 2689 693 2756 Lycaonis
700 2694 810 2759 Arcton,

149 2768 212 2817 Tum
223 2769 323 2835 laqueis
333 2777 435 2834 captare
446 2769 523 2829 seras,
534 2779 559 2819 et
569 2772 654 2822 fallere
665 2776 731 2824 visco

150 2849 293 2914 Inventum,
305 2858 333 2900 et
343 2866 450 2916 magnos
461 2851 563 2900 canibus
574 2855 726 2904 circumdare
734 2857 820 2906 saltus.
