2360 3598
407 407 602 453 nunninus.
827 425 858 468 59

154 505 233 554 Rubie
244 504 300 554 seru
311 519 401 554 cerens
411 503 470 553 dum
482 503 556 552 breve
567 511 666 567 tempus
674 501 772 550 animus
782 509 827 551 eet.

155 586 242 653 Egone
253 601 270 635 e
280 601 337 636 meu
347 594 443 635 remote
454 585 516 634 haee
528 585 596 634 ferar
607 585 633 637 iu
643 598 745 632 nemore
755 582 849 633 demo?

155 667 250 726 Putria,
262 667 344 726 benis,
355 667 450 723 eminis,
462 666 617 731 genitoribus
628 663 724 714 abero?

153 749 240 798 Aberu
251 748 320 810 foro,
328 747 462 812 palaestra,
473 746 555 797 studio
566 755 592 795 et
601 744 762 811 gymnasiis?

155 829 233 879 Miser
244 828 278 878 eh
289 829 374 886 miser,
386 828 539 893 querendum
550 834 589 876 est
605 827 682 876 etium
698 832 774 891 etque
784 827 859 876 etiem

251 925 342 959 emme.

154 990 228 1051 Quod
235 991 304 1039 enim
314 1005 394 1056 genus
402 989 531 1056 ligugeeet‚
540 1005 588 1055 ego
598 1004 648 1039 non
657 988 724 1052 quod
733 987 859 1038 obierim?

155 1073 210 1139 Ego
221 1072 321 1129 mulier,
332 1086 380 1136 ego
391 1070 596 1136 adolescenu,ego
606 1070 725 1135 ephebus,
732 1086 779 1136 ego
789 1085 862 1135 puer,

156 1153 211 1219 Ego
221 1155 354 1217 gymneeei
366 1151 469 1211 suillus,
480 1165 608 1218 egueram
619 1152 694 1201 decue
704 1150 767 1201 olei:

157 1234 223 1284 Mihi
232 1236 324 1283 ieuuee
335 1233 488 1297 frequentes,
499 1234 561 1281 mihi
570 1233 657 1283 limine
666 1232 758 1298 tepida,

156 1314 222 1364 Mihi
230 1314 328 1364 floridis
337 1314 437 1364 corollis
445 1314 562 1364 redimite
571 1314 658 1363 demus
669 1320 733 1376 emt,

155 1394 332 1460 linquendum
345 1396 388 1445 ubi
399 1404 465 1445 esset
476 1404 532 1445 orte
542 1396 606 1444 mihi
618 1394 674 1445 Sole
685 1394 833 1445 cubiculum.

154 1476 209 1543 Ege
219 1492 287 1526 nune
298 1476 373 1526 deum
384 1478 500 1527 ministra
510 1484 536 1526 et
546 1476 654 1541 Cybelen
665 1477 759 1526 famule
769 1476 857 1525 ferar?

155 1557 210 1624 Ego
221 1557 339 1616 Maenas,
350 1574 397 1623 ego
408 1560 457 1608 mei
469 1573 536 1623 pars,
548 1574 596 1624 ego
606 1559 645 1609 vir
655 1557 746 1608 sterilis
757 1556 819 1606 ero?

154 1638 209 1705 Ego
220 1639 312 1689 viridis
324 1639 408 1705 elgide
419 1639 480 1688 ldee
492 1639 548 1688 nive
560 1640 651 1690 amictu
661 1639 716 1689 loee
726 1638 826 1688 columi

154 1720 210 1788 Ego
221 1722 301 1771 vitem
312 1737 387 1786 egam
398 1721 444 1770 eub
456 1721 513 1770 ultie
524 1720 652 1787 Phrygiae
663 1719 836 1803 columinibus,

156 1802 208 1853 Ubi
219 1819 294 1853 eerve.
305 1803 463 1861 silvieultrix,
475 1803 518 1852 uhi
529 1819 591 1868 aper
600 1803 796 1868 nemorivugus?

156 1883 211 1932 Iam
222 1885 274 1933 iem
284 1883 352 1934 dolet
362 1884 428 1948 quod
439 1884 491 1951 egi,
504 1885 662 1950 iamiamque
673 1884 801 1948 paenitet!

188 1963 278 2015 Reeeie
288 1972 317 2014 ut
328 1964 387 2015 huie
396 1965 493 2015 labellis
504 1966 599 2014 eenitue
610 1965 754 2027 citassent,

157 2044 277 2096 Geminus
288 2045 392 2095 deorum
406 2045 438 2095 ud
449 2061 524 2095 eures
535 2061 599 2094 neve
609 2046 697 2095 nuntie
707 2045 828 2107 referens,

157 2126 196 2176 Ibi
206 2128 291 2177 vincte
301 2128 361 2193 iuge
371 2126 498 2176 resolvens
509 2127 604 2192 Cybele
615 2126 729 2176 leonibus

157 2206 319 2274 Laevumque
329 2209 426 2274 peeoris
437 2208 535 2257 hostem
547 2208 680 2257 stimulans
691 2209 727 2257 ita
738 2207 859 2273 loquitur.

157 2289 299 2355 ‘Agedum'
311 2290 393 2355 inquit
404 2298 466 2355 ‘age
483 2290 556 2340 ferox
570 2290 587 2351 i,
599 2289 654 2338 ieee
667 2296 696 2339 ut
711 2288 778 2338 hune
792 2289 863 2339 furor

255 2372 344 2437 agitet,

158 2451 222 2503 Faee
233 2453 273 2502 uti
285 2453 378 2502 furoris
390 2454 438 2502 ictu
452 2452 561 2502 reditum
573 2453 598 2501 in
611 2451 795 2508 nemoralem,

158 2531 216 2582 Meu
225 2533 304 2583 libere
315 2534 389 2583 nimie
400 2535 445 2600 qui
456 2533 544 2599 fugere
556 2534 661 2597 imperia
671 2532 746 2598 eupit

159 2613 216 2681 Age
226 2614 302 2665 eeede
313 2621 387 2681 terga
398 2614 487 2677 eeude,
501 2621 545 2664 tue
556 2614 661 2664 verbere
668 2621 766 2680 pqtere,

159 2694 222 2745 Fuue
232 2703 322 2747 cuneta
333 2697 456 2762 mugienti
467 2696 571 2745 fremitu
582 2694 637 2746 loce
647 2702 770 2752 retenent.

160 2775 268 2826 Rutilum
282 2777 354 2829 ferox
366 2786 451 2835 terme
461 2778 558 2826 cervice
568 2784 643 2840 quiite
654 2776 755 2825 iubem!

162 2857 206 2908 Ait
216 2859 278 2911 haee
288 2861 376 2911 minax
386 2858 491 2927 Cybelle
502 2857 641 2924 religatque
650 2857 711 2923 iuga
721 2871 803 2907 manu.
