2310 3592
325 415 370 458 262
468 408 703 452 ANrHonooM
727 408 873 451 mm.

427 1062 550 1112 malorum

329 1145 357 1195 Si
364 1144 499 1193 datamens
506 1143 600 1192 homini
606 1150 661 1208 est3
673 1142 809 1208 Tyriisqui
816 1142 933 1193 Gadibus
941 1144 1029 1209 hospes

328 1226 444 1287 Adiaoet,
453 1224 652 1288 Armeniumque
663 1224 727 1273 bibit
736 1225 864 1274 Romanus
875 1225 992 1287 Araxen,

329 1308 381 1357 Sub
393 1323 548 1373 quocumque
558 1306 608 1368 die,
618 1322 774 1370 quocumque
783 1313 822 1356 est
833 1305 916 1356 sidere
925 1306 1019 1369 mundi,

328 1390 436 1451 Maeret,
448 1395 474 1438 et
484 1390 584 1454 ignorat
594 1403 704 1450 neumas,
716 1389 877 1453 animumque
889 1388 1012 1438 dolentem

329 1471 456 1536 Corripit3
474 1469 596 1518 Emathiis
607 1470 667 1533 quid
676 1468 767 1534 perdat
775 1470 873 1519 nescius
884 1471 958 1520 ervia

329 1552 457 1618 nnganeo,
470 1553 492 1600 si
502 1566 561 1599 vera
569 1550 632 1599 fides
641 1550 846 1614 memorantibus,
856 1566 939 1614 augur

332 1634 401 1684 Colle
412 1633 510 1691 sedens,
521 1634 628 1697 Aponus
636 1632 712 1681 terris
722 1631 766 1680 ubi
776 1630 879 1681 fumifer
889 1632 954 1693 exit,

330 1716 417 1778 Atque
428 1715 568 1764 Antenorei
579 1713 731 1778 dispergitur
741 1711 809 1761 unda
819 1711 928 1776 limavi,

331 1796 426 1845 ‘Venit
436 1811 533 1845 summa
543 1795 604 1852 dies,
614 1796 712 1860 geritur
721 1810 761 1844 rea
771 1795 900 1857 maxime,'
911 1795 992 1844 dixit:

331 1881 338 1905 ‘
349 1878 431 1942 Impia
441 1884 592 1927 oonourrunt
602 1875 717 1941 Pompeii
726 1883 752 1925 et
763 1875 878 1926 Caesaris
890 1892 963 1927 arma
970 1879 987 1942 3’

333 1961 383 2010 Seu
394 1961 502 2010 tonitrus
512 1975 542 2007 ao
553 1958 604 2008 tela
613 1957 681 2007 Iovis
691 1973 815 2025 praesage
824 1960 930 2016 notavit,

331 2044 445 2094 Aethera
454 2058 499 2092 seu
508 2049 589 2091 totum
599 2041 707 2091 discordi
714 2041 833 2092 obsistere
842 2041 914 2091 eaelo

331 2125 511 2191 Perspexitque
521 2123 590 2189 polos
601 2143 607 2173 :
622 2138 667 2173 seu
675 2122 760 2172 lumen
767 2123 794 2172 in
801 2123 904 2173 aethere
914 2130 1033 2174 maestum

335 2206 400 2256 Solis
411 2207 437 2255 in
449 2206 555 2255 obscuro
563 2219 674 2270 pugnam
686 2204 781 2269 pallore
791 2205 895 2253 notavit.

333 2287 487 2337 Dissimilem
498 2293 566 2335 certe
578 2287 682 2345 cunetis,
693 2301 755 2350 quos
764 2286 880 2351 explieat,
891 2288 947 2352 egit

333 2368 505 2418 Thessalicum
515 2375 608 2417 natura
618 2366 683 2415 diem
696 2386 702 2416 ε
719 2367 741 2416 si
750 2375 840 2416 ounota
850 2369 933 2432 perito

332 2451 440 2517 Augure
450 2465 521 2498 mens
531 2449 661 2498 hominum
673 2447 735 2497 caeli
744 2461 813 2497 nove
822 2448 896 2514 signa
906 2456 1023 2507 notasset,

335 2531 449 2597 Spectari
459 2537 512 2581 toto
525 2532 608 2596 potuit
618 2529 749 2579 Pharsalia
759 2529 858 2579 mundo.

334 2612 356 2661 0
368 2626 478 2661 summos
490 2611 626 2670 hominum,
637 2624 743 2674 quorum
753 2608 866 2659 Fortuna
875 2625 922 2676 per
929 2612 1012 2662 orbem

334 2693 413 2759 Signa
424 2692 502 2749 dedit,
514 2709 621 2757 qnorum
633 2691 693 2741 fatis
703 2690 799 2740 oeelnm
811 2706 884 2741 omne
893 2695 1000 2743 vaoevit!

334 2774 404 2823 Haeo
414 2782 440 2824 et
451 2773 518 2839 apud
528 2790 597 2824 seraa
607 2781 693 2840 gentes
705 2772 858 2838 populosque
868 2782 994 2841 nepotum,

337 2852 394 2903 Sive
405 2870 451 2905 aua
460 2861 558 2905 tantum
569 2856 668 2905 venient
677 2857 704 2904 in
714 2854 813 2905 saecule
823 2856 898 2921 fama,
