2320 3590
295 425 327 468 90
442 410 676 453 ANTHOLOGIA
704 412 848 454 LATINA.

296 502 353 551 Non
364 519 434 552 secus
445 519 474 552 ac
484 505 572 569 patriis
583 520 641 553 acer
653 505 780 554 Romanus
791 506 818 553 in
828 506 906 554 armis

295 584 392 634 Iniuste
403 586 449 635 sub
460 586 526 636 fasce
536 588 603 634 viam
613 602 669 634 cum
681 588 772 651 carpit,
782 595 808 636 et
819 588 885 636 hosti

296 666 365 713 Ante
375 673 546 731 exspectatum
557 668 645 731 positis
656 675 707 717 stat
717 669 744 716 in
755 670 854 733 agmine
865 669 961 717 castris.

328 747 435 808 Athon,
447 764 497 813 qua
508 747 626 813 Scythiae
637 757 724 813 gentes
735 749 896 814 Maeotiaque
907 750 985 807 unda,

298 827 424 877 Turbidus
436 835 462 878 et
473 840 593 893 torquens
603 829 716 880 flaventis
727 830 815 880 Hister
826 846 924 893 arenas,

297 909 403 975 Quaque
414 910 480 960 redit
490 911 598 959 medium
610 911 731 976 Rhodope
739 919 855 976 porrecta
864 912 910 961 sub
917 928 999 961 axem.

297 991 351 1041 Illic
361 992 445 1041 clausa
455 998 541 1041 tenent
552 992 657 1041 stabulis
669 1000 792 1056 armenta,
802 1009 848 1041 nec
858 993 924 1041 ullae

297 1073 353 1121 Aut
363 1073 455 1122 herbae
465 1088 553 1137 campo
563 1074 687 1138 adparent
696 1083 740 1123 aut
750 1075 840 1124 arbore
851 1074 962 1134 frondes,

298 1153 348 1203 Sed
359 1156 423 1204 iacet
433 1155 568 1221 aggeribus
578 1157 656 1205 niveis
667 1156 781 1205 informis
791 1163 817 1204 et
827 1154 878 1204 aito
987 1212 989 1215 ⁸

299 1236 379 1285 Terra
389 1237 447 1301 gelu
458 1236 516 1292 late,
528 1243 673 1301 septemque
684 1236 798 1302 adsurgit
807 1238 834 1284 iu
844 1236 924 1285 ulnas.

298 1316 401 1381 Semper
412 1317 515 1381 hiemps,
527 1333 623 1381 semper
633 1318 757 1381 spirantes
768 1318 863 1381 frigora
872 1317 950 1365 cauri.

299 1397 364 1445 Tum
375 1398 412 1447 sol
424 1399 539 1463 pallentis
550 1398 618 1448 haud
628 1414 746 1463 umquam
758 1399 861 1448 discutit
872 1397 985 1459 umbras,

300 1475 415 1524 Neccum
423 1477 534 1525 invectus
541 1477 613 1541 equis
621 1475 700 1525 altum
708 1476 771 1539 petit
777 1476 889 1537 aethera,
896 1490 1004 1524 neccum

298 1556 464 1623 Praecipitem
475 1559 569 1608 Oceani
578 1557 656 1606 rubro
667 1557 728 1606 lavit
738 1572 846 1621 aequore
855 1571 966 1604 currum.

299 1637 467 1688 Concrescunt
477 1639 573 1688 subitae
584 1639 695 1688 currenti
705 1639 731 1686 iu
742 1636 845 1686 flumine
856 1645 964 1694 crustae,

299 1718 423 1784 Undaque
434 1721 484 1769 iam
496 1728 568 1786 tergo
578 1720 685 1768 serratus
697 1720 803 1768 sustinet
813 1719 890 1781 orbis,

299 1799 429 1864 Puppibus
439 1800 483 1849 illa
492 1803 571 1866 prius,
581 1799 675 1865 patulis
686 1815 752 1848 nunc
762 1798 863 1862 hospita
872 1799 1005 1864 plaustris3

300 1881 418 1943 Aeraque
428 1881 554 1931 dissiliunt
564 1882 647 1946 volgo,
657 1888 790 1945 vestesque
801 1882 929 1945 rigescunt

299 1961 415 2024 Indutae‚
425 1963 582 2026 caeduntque
593 1962 721 2011 securibus
731 1961 835 2010 humida
845 1964 912 2023 vina,

300 2042 334 2089 Et
344 2049 411 2091 totae
422 2043 525 2094 solidam
538 2045 565 2092 in
575 2043 680 2108 glaciem
691 2050 788 2092 vertere
799 2041 903 2091 lacunae

301 2122 426 2187 stiriaque
436 2126 534 2191 inpexis
545 2125 658 2174 induruit
668 2124 771 2173 horrida
780 2123 874 2172 barbis.

819 2221 842 2255 v.
854 2210 902 2254 339
916 2211 972 2256 366.

607 2327 700 2362 Lxxlv.

531 2435 588 2489 Bos
601 2434 774 2489 mundandus.

400 2789 516 2828 crUOI'em

1147 3502 1149 3529 i

304 2846 490 2918 Extremosque
501 2862 552 2911 ciet
562 2863 678 2927 gemitus.
712 2862 737 2911 lt
749 2861 828 2911 tristis
839 2869 934 2923 arator,
