2320 3590
380 403 586 447 varamus.
800 417 841 451 121

136 496 271 546 Excudent
282 496 327 546 alii
338 498 463 562 spirantia
472 498 571 546 mollius
582 513 650 559 aera,

136 576 218 627 Credo
227 578 353 641 equidem,
364 580 433 628 vivos
443 580 534 629 ducent
545 579 576 628 de
587 594 710 628 marmore
721 577 811 638 voltus,

138 659 254 709 Orabunt
264 676 367 710 caussas
378 660 476 723 melius,
486 661 598 724 caelique
610 667 707 709 meatus

137 741 288 791 Describeut
298 741 371 790 radio
381 749 407 791 et
418 743 548 808 surgentia
560 741 644 791 sidera
653 742 737 791 dicent
747 762 753 791 ι

138 819 179 869 Tu
189 837 278 886 regere
289 822 386 886 inperio
397 822 511 887 populos,
522 822 644 884 Romane,
655 830 793 887 memento3

138 902 194 952 Hae
204 902 251 951 tibi
262 909 337 951 amnt
348 909 430 968 artes3
448 905 567 968 pacisque
577 905 695 968 inponere
706 919 808 960 morem,

137 984 245 1034 Parcere
257 984 386 1038 subiectis.
396 992 423 1034 et
433 984 557 1033 debellare
569 985 696 1051 superbos.

170 1064 212 1114 Sic
217 1072 290 1131 pater
295 1066 430 1124 Anchises,
441 1073 517 1131 atque
526 1066 588 1115 haee
598 1067 747 1117 mirantibus
755 1067 825 1116 addit
834 1085 841 1116 ε

142 1145 246 1211 Aspice,
257 1153 288 1196 ut
297 1146 404 1212 insignis
413 1148 500 1213 spoliis
511 1148 646 1197 Marcellus
656 1149 746 1213 opimis

138 1227 292 1292 Ingreditur,
303 1229 431 1293 victorque
441 1230 507 1279 viros
518 1232 686 1295 supereminet
693 1231 786 1279 omnis!

140 1308 252 1358 Hieram
263 1309 409 1367 Romanam,
421 1326 512 1375 magno
522 1312 640 1361 turbante
651 1310 770 1371 tumultu,

141 1388 224 1449 Sistet,
233 1407 310 1455 eques
319 1398 413 1441 sternet
423 1391 519 1441 Poenos
531 1391 683 1456 Gallumque
693 1391 820 1453 rebellem,

139 1470 276 1535 Tertieque
287 1486 358 1520 arma
368 1473 436 1536 patri
447 1474 583 1537 suspendet
593 1482 667 1538 capta
678 1472 792 1533 Quirino.

140 1551 225 1616 Atque
236 1551 278 1599 hic
288 1551 406 1616 Aeneas;
424 1568 475 1601 una
485 1568 593 1617 namque
604 1555 641 1602 ire
651 1553 751 1602 videbat

139 1632 278 1698 Egregium
287 1631 367 1681 forma
378 1634 492 1682 iuvenem
502 1642 528 1685 et
539 1634 693 1700 fulgentibus
703 1634 789 1690 armis,

140 1712 188 1763 Sed
199 1713 271 1763 frons
282 1713 348 1762 laeta
356 1729 454 1778 parum,
464 1723 490 1763 et
501 1716 597 1764 deiecto
607 1715 703 1764 lumina
712 1714 798 1763 voltu=

141 1795 213 1858 Quis,
225 1802 308 1860 pater,
319 1795 370 1858 ille,
381 1797 463 1845 virum
473 1797 517 1861 qui
528 1797 564 1846 sic
575 1797 709 1846 comitatur
719 1798 841 1845 euntem?

140 1873 227 1931 Filius,
238 1889 304 1923 anne
314 1874 404 1938 aliquis
414 1890 506 1940 magna
516 1875 548 1924 de
559 1877 637 1941 stirpe
648 1875 786 1940 nepotum?

141 1955 190 2015 Qui
207 1956 328 2021 strepitus
343 1957 410 2005 circa
424 1956 554 2006 comitum!
574 1964 696 2021 quantum
711 1957 790 2006 instar
803 1957 830 2005 iu

236 2038 306 2102 ipso!

143 2117 189 2169 Sed
200 2134 253 2168 uox
262 2126 319 2167 atra
329 2126 405 2183 eaput
416 2119 482 2167 tristi
492 2118 654 2168 circumvolat
664 2119 759 2169 umbra.

141 2199 204 2249 Tum
214 2207 288 2264 pater
298 2197 433 2259 Anchises,
443 2199 552 2248 lacrimis
562 2200 689 2266 ingressus
700 2199 794 2249 obortis
803 2221 809 2250 ι

141 2281 162 2330 0
172 2288 259 2348 gnate,
271 2280 398 2346 ingentem
409 2279 503 2329 luctum
513 2296 545 2330 ne
558 2295 650 2345 quaere
661 2288 775 2344 tuorum,

141 2361 278 2412 Ostendent
289 2361 364 2411 terris
376 2363 440 2410 bunc
451 2368 550 2410 tantum
560 2361 622 2418 fata,
633 2377 713 2426 neque
724 2361 799 2423 ultra,

140 2443 200 2495 Esse
212 2445 304 2495 sinent.
338 2443 451 2491 Nimium
462 2442 532 2492 vobis
543 2443 657 2491 Romarm
666 2458 778 2509 propago

142 2525 204 2575 Visa
213 2532 312 2590 potens,
322 2523 422 2588 Superi,
432 2525 534 2588 propria
544 2524 607 2573 haec
618 2524 640 2573 si
651 2524 716 2573 dona
726 2523 841 2574 fuissent.

142 2605 254 2667 Quantos
264 2604 307 2654 ille
318 2605 400 2654 virum
410 2618 527 2669 magnam
539 2603 663 2653 Mavortis
674 2604 707 2652 ud
717 2604 805 2654 urbem

142 2685 249 2753 Campus
260 2693 319 2752 aget
330 2685 452 2751 gemitus!
468 2684 508 2733 vel
519 2699 592 2749 quae,
605 2684 732 2743 Tiberine,
744 2685 840 2735 videbis

142 2768 248 2830 Funera,
261 2784 319 2817 cum
330 2765 454 2815 tumulum
466 2766 651 2831 praeterlabere
661 2768 799 2816 recentem!

144 2849 193 2900 Nec
203 2866 267 2917 puer
278 2849 357 2900 Iliaca
368 2848 499 2913 quisquam
510 2847 540 2896 de
551 2856 626 2913 gente
637 2846 741 2896 Latinos
