2310 3592
415 413 593 457 suerrus.
800 419 846 474 265

143 508 263 558 Vulturis
273 516 302 557 ut
312 509 421 573 primum
430 508 501 559 laeve
511 508 616 558 fundata
625 507 710 558 velatu

142 589 266 638 Romulus
273 589 361 638 infami
371 590 504 655 complevit
514 592 611 641 moenis
619 591 685 648 luco,

141 669 231 735 Usque
242 671 275 720 sd
286 671 442 721 Thessalicus
452 673 577 736 servisses,
588 671 676 730 Romu,
687 671 780 720 ruinas

610 757 647 806 lb.
658 770 683 804 v.
695 758 808 803 391-439.

425 945 552 981 cumul.

416 1040 560 1095 Thessalia.

144 1121 704 1261 nnsssms‚1nfeux,qu0unu
716 1150 821 1200 erimine

250 1244 261 1276 q„

193 1246 223 1326 [ql

144 1338 158 1354 κ
191 1336 197 1342 ·
228 1323 257 1359 -l
281 1311 747 1378 Lsesistisnperoqnttetotmurtibus
755 1329 841 1374 unum,

136 1391 313 1458 Tot'seelerum
320 1394 379 1443 fetis
385 1394 546 1460 premerent?
565 1393 638 1454 Quod
647 1394 737 1443 suffieit
745 1409 833 1443 sevum

136 1474 271 1525 Immemor
280 1484 310 1525 ut
320 1476 396 1525 donet
407 1476 466 1525 belli
476 1476 524 1525 tibi
534 1474 626 1524 demus
636 1482 746 1524 vetustas
756 1475 768 1522 ἲ

136 1554 206 1615 Quae
217 1572 289 1622 seges
299 1556 392 1606 infecte
402 1565 490 1622 surget
499 1572 549 1606 non
560 1555 659 1605 decolor
668 1556 765 1605 herbe?

135 1637 193 1696 Quo
203 1653 254 1686 non
267 1637 393 1687 Romanos
402 1638 507 1688 violsbis
517 1653 616 1688 vomere
625 1638 732 1686 menes?

134 1721 203 1768 Ante
214 1734 293 1768 novae
303 1721 403 1768 venient
413 1720 487 1781 acies,
499 1718 636 1784 scelerique
648 1719 757 1768 seeundo

134 1800 278 1849 Praestabis
289 1800 399 1849 nondum
409 1802 487 1849 sieeos
495 1800 543 1849 hoe
554 1802 676 1866 sangnine
686 1815 794 1865 eampse.

133 1880 223 1930 Omnis
233 1882 358 1930 meierum
367 1887 494 1931 vertemus
503 1881 576 1931 bustu
586 1880 678 1941 licebit,

134 1961 166 2012 Iit
175 1970 272 2012 stantes
282 1963 400 2025 tumulos,
410 1970 437 2012 et
446 1964 491 2027 qui
500 1963 584 2015 rudiee
593 1972 692 2013 vetuste

133 2043 251 2093 Effudere
261 2059 328 2104 suus,
338 2045 409 2094 victis
420 2044 590 2109 eompagibus,
601 2060 679 2095 urnas
690 2064 696 2094 :

133 2123 193 2174 Plus
204 2126 317 2173 cinerum
327 2125 480 2173 Haemoniae
491 2125 566 2175 sulcis
577 2125 675 2175 telluris
685 2134 781 2188 aratur,

133 2206 260 2270 Pluraque
272 2206 387 2255 rurieolis
398 2207 523 2256 feriuntur
533 2207 648 2256 dentibus
660 2224 723 2257 essu.

133 2286 223 2336 Nullus
233 2286 266 2336 ab
274 2287 394 2335 Emathio
405 2287 536 2352 religasset
545 2288 618 2337 litere
628 2288 714 2337 funem

132 2368 232 2431 Navita,
243 2384 290 2418 nee
300 2375 393 2417 terrum
406 2369 538 2431 quisquam
546 2374 663 2419 movisset
676 2379 769 2428 arator,

133 2450 239 2500 Romani
250 2451 351 2500 bustum
361 2450 463 2516 populi:
480 2451 646 2515 fugerentque
657 2451 738 2500 coloni

56 2530 59 2535 ’
132 2531 285 2582 Umbrarum
295 2547 395 2596 rumpes
407 2551 413 2582 z
430 2531 549 2597 gregibus
559 2531 661 2581 dumeta
671 2541 796 2582 carerent:

131 2613 269 2678 Nullusque
280 2612 384 2662 auderet
393 2613 477 2677 pecori
487 2614 631 2677 permittere
640 2620 726 2677 pastor

129 2693 228 2744 Vellere
239 2700 384 2759 surgentem
395 2693 426 2742 de
435 2694 528 2742 nostris
539 2693 636 2742 ossibus
646 2693 764 2757 herbsm3

130 2776 177 2833 Ae,
186 2775 255 2824 velut
267 2775 399 2839 impatiens
409 2776 545 2833 bominum,
553 2775 593 2824 vel
604 2774 661 2824 selis
672 2776 751 2839 iniqui

131 2855 227 2918 Limite,
240 2856 283 2905 vel
294 2857 382 2919 glacie,
393 2856 461 2905 nude
472 2865 547 2921 etque
559 2858 645 2921 ignote
657 2857 757 2914 iaceres,
837 2884 841 2891 -
