2310 3592
419 345 577 391 orsurus,
800 365 845 410 2³3

146 437 199 486 Hoc
209 453 257 503 ego
268 437 406 504 Pegasidas
418 438 510 488 deduxi
519 441 615 505 primus
627 439 658 489 ad
670 441 756 500 undas,

175 519 216 567 Ne
226 519 291 567 male
302 519 423 568 fecundae
434 536 496 569 vena
507 523 600 586 periret
611 537 699 586 aquae.

146 601 244 650 Primus
254 602 281 651 id
291 603 379 666 aspexi
390 605 482 652 teneris
493 604 519 652 in
529 605 634 670 virginis
644 606 726 666 annis,

176 682 263 747 thue
273 690 347 748 pater
356 692 430 732 natae
441 684 541 748 duxque
551 701 682 750 comesque
692 685 736 735 fui.

145 763 213 829 Ergo
224 765 246 812 si
257 770 387 812 remanent
397 764 468 828 ignes
479 764 526 813 tibi
535 766 642 829 pectoris
652 765 726 822 idem,

179 844 237 894 Sola
248 853 321 893 tuum
330 852 399 894 rates
410 844 501 894 Lesbia
511 846 593 894 vincet
604 861 674 911 opus.

148 926 196 976 Sed
206 942 302 983 vereor,
312 941 344 974 ne
355 932 380 974 te
388 941 443 975 mea
454 942 520 975 nunc
530 927 631 974 fortuna
641 927 758 985 retardet,

177 1008 290 1072 Postque
300 1023 368 1056 meos
379 1023 451 1056 casus
462 1008 495 1056 sit
506 1007 553 1057 tibi
563 1017 649 1072 peetus
660 1010 735 1058 iners.

146 1089 214 1138 Dum
224 1089 304 1146 licuit,
315 1096 359 1137 tua
371 1104 444 1153 saepe
454 1089 525 1150 mihi,
535 1088 582 1137 tibi
592 1098 680 1138 nostra
690 1089 817 1156 legebam:

179 1170 260 1235 Saepe
271 1171 309 1219 tui
319 1170 404 1224 iudex,
415 1185 489 1235 saepe
498 1171 618 1236 magister
626 1186 710 1220 eram:

148 1253 202 1301 Aut
212 1268 259 1317 ego
270 1251 421 1316 praebebam
432 1251 505 1300 factis
516 1251 588 1300 modo
598 1252 710 1301 versibus
720 1268 800 1309 aures,

177 1333 241 1390 Aut,
253 1333 297 1382 ubi
306 1349 424 1393 cessuras,
435 1348 510 1381 causa
519 1333 618 1381 ruboris
628 1348 704 1381 eram.

147 1414 265 1463 Forsitan
275 1414 397 1478 exemplo,
408 1415 468 1477 quia
478 1429 517 1462 me
528 1412 624 1462 laesere
635 1413 719 1472 libelli,

180 1494 222 1542 Tu
232 1510 331 1558 quoque
341 1496 376 1543 sis
385 1509 479 1558 poenae
486 1493 554 1542 facta
560 1495 634 1543 ruina
643 1509 720 1542 meae.

148 1575 225 1633 Pone,
232 1574 333 1633 Perille,
341 1581 443 1623 metum.
466 1574 649 1643 Tantummodo
659 1575 752 1624 femina
760 1589 810 1623 nou
818 1575 850 1622 sit

181 1658 324 1718 Devia‚nec
332 1658 430 1721 scriptis
441 1656 521 1705 discat
530 1671 614 1704 amare
624 1657 681 1704 tuis.

149 1739 219 1803 Ergo
229 1737 339 1786 desidiae
348 1752 455 1797 remove,
467 1737 618 1797 doctissima,
630 1753 726 1797 causas,

181 1819 264 1882 Inque
274 1817 352 1866 bonas
362 1823 429 1866 artes
439 1824 465 1867 et
476 1824 521 1866 tua
529 1833 600 1867 sacra
611 1818 674 1867 redi.

150 1900 205 1950 Ista
215 1900 305 1948 decens
315 1899 391 1948 facies
401 1899 482 1964 longis
490 1900 619 1949 vitiabitur
630 1902 711 1957 annis,

184 1981 309 2046 Rugaque
319 1982 346 2029 in
357 1982 461 2044 antiqua
470 1980 551 2035 fronte
562 1981 645 2030 senilis
655 1983 704 2031 erit
714 2004 720 2032 ι

149 2063 289 2126 Inicietque
299 2078 399 2111 manum
412 2064 507 2112 formae
518 2062 636 2113 damnosa
646 2070 765 2121 senectus.

184 2144 256 2205 Quae
267 2146 397 2209 strepitum
405 2160 480 2209 passu
489 2160 540 2193 non
550 2144 655 2193 faciente
663 2144 739 2198 venit.

151 2226 266 2291 Cumque
276 2226 366 2290 aliquis
376 2226 443 2275 dicet
452 2225 528 2275 ‘Fuit
537 2227 600 2274 haec
609 2227 733 2288 formosa*
742 2226 843 2287 dolebis,

186 2309 220 2357 Et
230 2308 359 2373 speculum
368 2308 476 2356 mendax
486 2323 539 2357 esse
550 2323 654 2373 querere
665 2315 743 2357 tuum.

155 2389 219 2438 Sunt
228 2391 273 2439 tibi
280 2406 340 2455 opes
350 2389 469 2448 modicae,
477 2405 533 2438 cum
544 2392 579 2439 sis
586 2390 732 2454 dignissima
739 2391 851 2455 magnis:

186 2472 264 2538 Finge
274 2472 318 2522 sed
328 2472 447 2520 inmensis
455 2470 570 2521 censibus
580 2487 633 2520 esse
643 2487 725 2536 pares,

154 2551 249 2619 Nempe
260 2554 304 2602 dat
314 2552 341 2602 id
350 2552 497 2615 cuicumque
508 2553 568 2601 libet
578 2553 680 2601 fortuna
689 2554 814 2618 rapitque,

187 2634 242 2685 Irus
253 2645 279 2684 et
289 2642 329 2685 est
338 2633 431 2692 subite,
441 2634 485 2696 qui
495 2634 568 2683 modo
579 2632 685 2682 Croesus
695 2641 757 2683 erat.

157 2716 258 2783 Singula
268 2716 332 2782 quid
341 2714 471 2764 referam?
488 2715 523 2763 nil
533 2731 583 2763 non
593 2714 697 2763 mortale
709 2721 822 2764 tenemus

186 2801 297 2852 Pectoris
308 2797 421 2862 exceptis
431 2798 573 2863 ingeniique
584 2798 662 2846 bonis
