2360 3598
307 426 339 470 30
455 410 686 454 ANTHOLOGIA
712 411 854 454 LATINA.

307 501 356 551 Sed
366 502 401 550 nil
410 502 505 552 dulcius
516 510 562 565 est,
573 504 635 552 bene
646 518 721 569 quum
731 506 829 554 munita
837 511 920 554 tenere

306 581 381 631 Edita
390 583 499 632 doctrina
509 585 646 648 sapientum
658 585 750 649 templa
761 600 854 646 serena,

306 661 437 725 Despicere
448 664 513 711 unde
523 679 600 728 queas
611 664 671 713 alios
681 666 822 729 passimque
832 666 914 714 videre

305 738 397 788 Errare
407 747 483 804 etque
494 742 560 790 viam
570 742 678 805 palantis
690 757 810 806 quaerere
819 744 894 804 vitae,

306 818 407 868 Certare
418 822 526 885 ingenio,
536 821 683 870 contendere
692 822 829 883 nobilitate,

306 899 397 948 Noctes
405 907 480 964 atque
491 900 543 950 dies
552 902 599 949 niti
611 908 752 965 praestante
761 901 846 951 labore

305 978 349 1027 Ad
359 995 466 1028 summas
476 995 601 1045 emergere
612 996 670 1045 opes
681 996 812 1045 rerumque
822 982 903 1046 potiri

306 1058 328 1108 Ο
338 1060 440 1108 miserae
451 1059 577 1108 hominum
587 1067 690 1122 mentes,
701 1078 716 1110 o
727 1070 826 1125 pectore
836 1062 922 1110 crem!

306 1138 425 1198 Qualibus
436 1141 462 1187 in
472 1140 580 1189 tenebris
590 1141 656 1189 vitae
666 1142 814 1205 quantisque
823 1141 921 1206 periclis

305 1219 412 1284 Dsgitur
421 1220 467 1268 hoc
477 1221 532 1268 aevi
542 1221 747 1285 quodcumqueet!
764 1237 844 1271 nonne
854 1222 936 1271 ridere

305 1298 349 1347 Nil
359 1299 425 1348 uliud
436 1300 482 1348 sibi
493 1308 608 1348 naturam
619 1300 720 1375 latrare,
730 1302 778 1350 nisi
789 1308 826 1364 ut,
837 1303 895 1365 quoi

305 1377 414 1442 Corpore
424 1380 547 1447 seiunctus
558 1379 628 1428 dolor
638 1379 711 1441 ubsit,
721 1388 803 1429 mente
812 1382 911 1430 fruatur

305 1456 415 1505 Incundo
425 1472 498 1505 sensu
508 1472 568 1505 cura
579 1459 681 1506 semotu’
692 1459 826 1522 metuque?

305 1536 373 1600 Ergo
382 1551 523 1600 corpoream
534 1536 566 1586 ud
575 1542 690 1585 naturam
697 1552 776 1600 peuce
786 1537 895 1587 videmus

305 1616 367 1664 Esse
377 1631 438 1679 opus
448 1618 555 1686 omuino,
565 1631 629 1680 quae
640 1616 739 1665 demunt
748 1632 853 1681 cumque
863 1617 980 1679 dolorem,

305 1696 412 1745 Delicias
423 1711 521 1760 quoque
532 1697 568 1745 uti
578 1696 668 1745 multus
679 1696 835 1760 substernere
845 1698 946 1761 possint

306 1776 409 1845 Gratius
419 1777 542 1825 interdum
553 1791 633 1839 neque
644 1782 733 1825 nutura
742 1777 797 1840 ipsa
806 1778 921 1840 requirit,

307 1855 333 1905 Si
343 1872 392 1905 non
401 1872 476 1905 eurea
487 1864 544 1904 sunt
552 1857 667 1904 iuvenum
679 1856 810 1904 simulacra
820 1871 865 1920 per
876 1855 948 1904 aedes

305 1935 443 2000 Lampadas
455 1935 572 2000 igniferas
582 1934 694 1984 manibus
705 1937 836 1983 retinentia
846 1936 948 1997 dextris,

305 2015 412 2064 Lumina
423 2016 548 2064 nocturnis
559 2014 639 2078 epulis
650 2022 678 2063 ut
690 2014 884 2078 suppeditentur,

306 2095 358 2145 Neo
368 2096 455 2144 domus
466 2101 569 2160 argento
577 2095 656 2158 fulget
667 2109 776 2158 auroque
786 2096 883 2143 renidet

306 2173 359 2222 Nec
369 2174 479 2223 citherae
489 2173 592 2234 reboant
602 2172 717 2236 laqueata
727 2180 863 2236 aurataque
874 2180 947 2228 tecta,

306 2252 369 2302 Cum
379 2261 462 2302 tamen
471 2254 537 2301 inter
547 2268 572 2301 sc
583 2253 701 2316 prostrati
711 2253 738 2299 in
748 2252 859 2316 gramine
870 2252 938 2301 molli

306 2332 411 2397 Propter
420 2348 500 2396 aquae
510 2333 590 2380 rivum
602 2332 648 2380 sub
658 2332 734 2380 rumis
745 2332 839 2381 arboris
849 2332 913 2381 eltae

306 2413 364 2462 Non
374 2414 472 2477 magnis
482 2413 569 2478 opibus
579 2411 683 2461 iucunde
691 2426 794 2475 corpora
803 2419 901 2473 curant,

306 2493 456 2545 Praesertim¹
464 2509 520 2542 cum
530 2498 662 2556 tempestas
673 2491 768 2540 adridet
778 2498 804 2539 et
814 2493 872 2540 anni

307 2571 429 2637 Tempora
437 2580 601 2637 conspergunt
610 2569 738 2619 viridantis
748 2570 849 2620 floribus
859 2569 955 2620 herbas.

307 2652 359 2701 Nec
369 2652 462 2702 calidae
472 2654 544 2703 citius
554 2651 674 2700 decedunt
682 2666 783 2714 corpore
793 2650 882 2711 febres,

308 2732 445 2782 Textilibus
455 2734 476 2782 si
487 2734 512 2781 in
523 2733 627 2806 picturis
637 2733 752 2807 ostqoque
763 2731 861 2780 rubenti

307 2811 418 2897 Iuctqris,
429 2828 503 2876 quam
514 2814 535 2861 si
545 2815 570 2860 iu
581 2809 679 2876 plebeia
689 2818 756 2859 veste
766 2811 904 2859 cubandum
914 2818 961 2860 est.

900 2907 922 2940 v.
937 2897 1001 2942 leo.
