2320 3590
466 394 700 437 Artemonem
727 394 873 436 LATINA.

612 575 720 609 LXXXVI.

416 673 481 745 Ipso
494 691 540 726 sua
552 673 626 727 Dido
639 673 750 727 concidit
760 691 807 726 uso
820 690 905 726 manu.

316 786 460 881 bulgy-§T
477 811 584 876 trepida,
602 820 628 862 et
646 814 740 877 coeptis
758 812 900 861 inmanibus
922 810 998 859 effere

317 893 355 979 (pql
362 901 375 945 ’ἲ
382 865 429 959 W}
502 892 578 956 Dido,

316 940 388 1029 aff
396 947 429 1024 >l
454 973 622 1039 Sanguineum
633 975 733 1024 volvens
745 975 834 1035 eciem,
845 973 998 1039 maculisque.

407 1057 540 1105 trementis

311 1136 439 1185 Interfuss
449 1152 537 1202 genes,
546 1143 572 1185 et
582 1134 675 1201 pallide
683 1144 762 1186 morte
773 1136 869 1197 future,

310 1218 434 1266 Interiora
446 1218 534 1267 domus
544 1218 666 1282 inrumpit
675 1217 769 1278 limine,
780 1226 807 1266 et
817 1217 881 1266 altos

311 1299 459 1349 Conscendit
470 1299 605 1348 furibunde
614 1314 697 1363 rogos,
708 1313 842 1362 ensemque
853 1298 959 1347 recludit

310 1379 476 1442 Derdsuium,
485 1395 535 1428 non
546 1379 592 1429 hos
603 1381 744 1444 quaesitum
754 1394 846 1429 munus
857 1381 884 1428 in
893 1394 960 1428 usus.

310 1461 369 1524 Hic,
379 1469 511 1526 postquem
522 1461 613 1510 Ilieeus
623 1467 703 1509 vestes
713 1468 849 1524 notumque
857 1459 938 1509 cubile

310 1543 455 1608 Conspexit,
465 1541 567 1607 paulum
579 1542 688 1591 lacrimis
699 1551 725 1591 et
732 1549 815 1591 mente
825 1552 930 1604 morere,

310 1623 476 1686 Incubuitque
486 1629 550 1684 toro,
562 1621 677 1685 dixitque
688 1623 822 1672 novissime
831 1622 923 1671 verbe:

342 1706 435 1755 Dulees
445 1706 557 1764 exuviae,
569 1704 627 1752 (lum
639 1704 692 1752 fetu
703 1704 814 1769 deusque
825 1703 930 1765 sinebat,

311 1785 425 1850 Accipite
435 1784 500 1833 benc
511 1786 627 1842 animam,
638 1800 727 1850 meque
739 1785 778 1833 his
789 1785 910 1834 exsolvite
920 1786 994 1834 curis.

310 1867 383 1924 Vixi,
394 1873 428 1927 et,
439 1880 513 1930 quem
524 1865 626 1913 dederet
636 1881 736 1914 cursum
748 1866 860 1927 fortune,
871 1867 972 1931 peregi,

310 1948 344 1997 Et
355 1962 420 1996 nunc
431 1960 523 2012 mugnu
533 1947 583 1993 mei
595 1945 641 1994 sub
652 1935 732 1995 terras
745 1946 792 1994 ibit
802 1948 895 2011 imago.

310 2029 406 2078 Urbem
415 2027 569 2093 praeclaram
580 2028 673 2093 stetui3
690 2043 746 2076 mes
756 2029 854 2076 moenie
863 2027 930 2092 vidi3

309 2110 372 2160 Ults
382 2110 473 2166 virum,
483 2123 576 2172 poenes
587 2108 688 2158 inimico
699 2124 715 2156 e
725 2109 804 2157 fratre
815 2109 913 2173 recepi3

310 2191 390 2253 Felix,
401 2190 451 2238 heu
462 2190 567 2238 nimium
578 2189 648 2252 felix,
659 2191 680 2238 si
690 2189 766 2238 litore
776 2197 873 2240 tantum

310 2274 454 2338 Numquam
464 2271 607 2321 Derdsniue
617 2273 758 2338 tetigissent
769 2279 856 2321 nostre
866 2272 977 2321 carinae!

310 2354 392 2416 Dixit,
403 2363 436 2415 et,
447 2368 475 2401 os
486 2353 598 2417 inpressu
608 2359 671 2414 toro,
683 2353 821 2403 Moriemur
832 2354 946 2403 inultae?

312 2436 361 2485 Sed
371 2434 516 2491 moriamur,
528 2435 572 2482 uit.
607 2433 657 2496 Sic,
669 2436 704 2484 sic
714 2437 784 2484 iuvet
794 2435 832 2484 ire
842 2435 889 2485 sub
899 2434 1009 2483 umbras.

311 2517 421 2564 Hauriat
432 2513 498 2562 hunc
509 2514 587 2563 oculis
595 2515 679 2580 ignem
690 2516 797 2565 crudelis
806 2516 839 2565 sb
850 2516 902 2565 ulto

310 2596 456 2657 Dardanus,
465 2604 491 2644 et
501 2602 602 2644 nostrae
613 2611 695 2644 secum
706 2596 772 2645 feret
782 2598 865 2645 omine
876 2598 970 2645 mortis.

310 2679 418 2727 Dixerat
427 2696 435 2740 3
451 2683 527 2740 utque
538 2675 607 2724 illum
617 2677 700 2725 medis
709 2678 776 2727 inter
786 2676 847 2727 tulis
857 2677 925 2726 ferro

310 2758 460 2823 Conlupssm
470 2758 594 2822 aspiciunt
604 2759 715 2821 comites,
727 2773 861 2823 ensemque
870 2775 959 2809 cruore

311 2840 480 2906 Spumantem,
489 2852 637 2902 sparsasque
646 2854 744 2889 munus.
778 2839 804 2888 It
814 2839 908 2888 clamor
919 2840 952 2888 ed
961 2838 1011 2887 ulte
