2320 3590
329 424 373 466 128
469 416 706 459 ANfflotouIA
733 417 880 460 LATINA.

327 512 402 562 Hunc
420 514 474 561 sine
485 527 525 560 me
546 513 649 562 turbare
666 511 777 577 globum,
796 520 822 562 et
841 528 900 578 rege
920 511 970 562 tela
985 527 1026 576 per

424 609 508 643 auras.

324 674 444 735 Dixerat,
455 682 481 723 et
493 682 547 724 toto
558 675 681 723 connixus
692 690 796 739 corpore
807 674 902 723 ferrum

325 752 440 802 Coniicit·
473 753 555 802 Hasta
566 752 651 802 volans
663 753 743 801 noctis
754 752 896 801 diverberat
906 752 1013 812 umbras,

326 835 360 884 Et
372 835 438 883 venit
448 834 530 884 aversi
542 835 568 882 in
579 841 678 899 tergum
691 833 825 895 Sulmonis,
836 834 919 898 ibique

326 915 473 981 Frangitur,
484 931 513 963 ac
523 915 583 963 fisso
595 916 688 964 transit
698 915 845 979 praecordia
855 915 933 980 ligno.

326 994 445 1045 Volvitur
456 995 498 1045 ille
509 1012 610 1045 vomens
620 996 729 1045 calidum
740 997 771 1045 de
781 1004 881 1061 pectore
891 997 983 1046 flumen

326 1077 454 1143 Frigidus,
464 1085 490 1127 et
499 1076 581 1143 longis
592 1077 744 1144 singultibus
755 1078 799 1126 ilia
809 1077 902 1142 pulsat.

326 1159 428 1208 Diversi
436 1145 647 1224 circumspiciunt.
682 1158 738 1207 Hoc
749 1159 832 1207 aerior
842 1158 907 1207 idem

326 1239 392 1289 Ecce
402 1239 470 1289 aliud
483 1255 579 1288 summa
589 1238 669 1288 telum
680 1239 790 1288 librabat
799 1238 832 1288 ab
843 1255 911 1288 aure.

327 1320 537 1385 Dumtrepidant,
543 1321 573 1369 iit
579 1320 653 1370 basta
662 1319 1028 1386 Tagopertempusutrumque‚

328 1401 450 1463 Stridens,
460 1402 613 1465 traiectoque
623 1401 705 1450 haesit
715 1401 840 1466 tepefacta
850 1402 958 1451 cerebro.

327 1483 412 1532 Saevit
424 1490 498 1533 atrox
510 1482 639 1544 Volsoens,
651 1499 697 1532 nec
707 1482 752 1532 teli
762 1485 882 1548 conspicit
893 1498 998 1548 usquam

326 1565 472 1626 Auctorem,
484 1579 529 1612 nec
539 1579 590 1627 quo
601 1580 627 1612 se
639 1564 729 1613 ardens
741 1565 867 1614 inmittere
877 1567 966 1630 possit.

327 1646 367 1695 'Iir
378 1656 462 1694 tamen
474 1645 569 1693 interea
579 1645 659 1694 calido
669 1645 731 1693 milri
743 1647 865 1711 sanguine
875 1661 968 1710 poenas

326 1727 456 1775 Persolves
468 1726 605 1788 amborum,
617 1727 713 1791 inquit3
732 1727 804 1775 simul
817 1742 877 1776 ense
887 1727 983 1776 recluso

326 1807 384 1857 Ibat
395 1808 421 1855 in
433 1806 579 1872 Euryalum.
614 1806 680 1855 Tum
691 1823 750 1856 vero
761 1809 907 1871 exterritus,
918 1824 1010 1869 emens,

327 1888 473 1939 Conclamat
484 1888 562 1937 Nisus
573 1909 579 1939 ε
597 1904 643 1937 nec
654 1905 680 1938 se
691 1889 772 1938 celare
785 1889 895 1939 tenebris

326 1970 454 2035 Amplius,
464 1977 509 2019 aut
520 1976 617 2019 tantum
628 1971 710 2035 potuit
720 1969 832 2036 perferre
842 1970 966 2019 dolorem:

327 2051 380 2113 Me,
390 2068 437 2108 me,
448 2052 545 2107 adsum,
554 2052 598 2115 qui
609 2051 665 2113 feci,
675 2052 701 2099 iu
712 2068 752 2100 me
762 2053 899 2101 convertite
911 2052 1012 2112 ferrum,

327 2128 350 2177 Ο
361 2128 465 2178 Rutuli!
481 2144 538 2178 mea
548 2128 618 2177 fraus
630 2129 726 2193 omnis,
744 2129 807 2177 nihil
817 2130 865 2178 iste
875 2145 921 2178 nec
931 2145 1014 2189 ausus,

327 2210 381 2259 Neo
391 2211 488 2275 potuit3
506 2207 602 2259 caelum
613 2209 660 2257 hoe
670 2216 696 2258 et
704 2211 804 2258 conseia
813 2209 896 2259 sidera
907 2218 997 2274 testor;

330 2291 440 2341 Tantum
452 2291 576 2340 infelicem
587 2292 693 2340 nimium
703 2291 793 2340 dilexit
803 2293 917 2340 amicum.

327 2374 401 2423 Talia
411 2375 477 2423 dicte
487 2373 580 2438 dabat3
599 2372 641 2422 sed
653 2372 748 2422 viribus
759 2375 826 2422 ensis
838 2373 941 2423 adactus

328 2455 472 2504 Transabiit
482 2462 563 2504 costas
574 2461 599 2503 et
609 2454 715 2502 candida
725 2462 828 2518 pectora
838 2457 941 2520 rumpit.

327 2537 447 2585 Volvitur
457 2536 585 2600 Euryalus
595 2536 652 2594 leto,
663 2535 829 2600 pulchrosque
840 2552 885 2601 per
895 2545 966 2587 artus

327 2619 352 2668 It
362 2635 445 2676 eruor,
457 2621 532 2684 inque
544 2619 661 2667 humeros
672 2619 758 2667 cervix
769 2619 888 2685 conlapsa
898 2621 1029 2670 recumbit:

327 2699 474 2765 Purpureus
484 2700 562 2749 veluti
573 2715 630 2749 cum
641 2697 687 2748 flos
697 2700 808 2748 succisus
819 2707 904 2749 aratro

328 2782 482 2846 Langueseit
490 2782 609 2841 moriens,
620 2779 716 2829 lassove
727 2795 855 2845 papavera
865 2782 929 2832 collo

327 2861 458 2910 Demisere
469 2868 553 2925 caput,
564 2860 649 2925 pluvia
659 2876 716 2910 eum
725 2861 790 2911 forte
801 2870 945 2928 gravantur.
