2320 3590
287 366 332 422 156
429 358 665 405 emmau
690 360 836 405 nArlriA.

382 452 424 503 sio
433 461 459 504 et
469 454 570 520 Europe
580 456 680 504 niveum
692 454 778 505 doloso

381 534 495 587 Credidit
505 544 578 587 tuuro
588 537 656 586 lutus
666 545 693 587 et
704 545 841 587 sustentem

380 616 466 667 Belnir
475 625 580 683 pontum
589 618 733 684 mediusque
744 618 848 668 frendes

445 698 542 749 Polluit
552 700 643 749 undere

382 870 471 936 Nuper
481 871 507 920 in
517 872 598 936 protis
609 870 721 921 studiose
731 871 822 920 florum
833 878 860 920 et

383 951 490 1001 Debitee
501 951 628 1018 Nymphis
638 951 725 1017 opifex
734 966 849 1013 coronae,

383 1032 463 1082 Nocte
475 1032 595 1083 sublustri
605 1033 671 1082 nihil
681 1041 751 1083 estre
761 1039 861 1098 praeter

448 1114 523 1165 Vidit
533 1123 559 1165 et
569 1115 657 1166 nudes

384 1303 455 1365 Qnue
466 1302 540 1352 simul
553 1311 653 1353 eentum
663 1302 748 1369 tetigit
758 1309 884 1367 potentem

383 1384 488 1451 Oppidis
499 1382 606 1434 Cretene
623 1385 630 1411 ‘
642 1391 722 1449 poter,
734 1398 749 1433 o
760 1382 874 1433 relietum

383 1466 463 1516 Filiae
474 1481 564 1515 nomen
573 1465 721 1531 pietasque',
731 1463 806 1526 dixit,

447 1554 455 1574 ⁴
467 1546 544 1597 Victo
554 1546 653 1596 furore!

384 1726 459 1776 Unde
470 1742 520 1791 quo
530 1725 608 1775 veni?
625 1725 700 1775 Levis
712 1740 764 1774 unu
775 1739 842 1774 mors
854 1732 894 1774 est
965 1783 967 1787 ¹

383 1808 521 1874 virginum
532 1807 626 1872 culpae
660 1805 810 1872 vigilansne
820 1804 891 1870 ploro

384 1889 470 1955 Turpe
481 1890 649 1953 commissum,
657 1903 691 1938 en
702 1889 770 1937 vitiis
780 1894 907 1937 uouentem

447 1970 525 2021 Ludit
535 1972 619 2037 imago

382 2151 467 2213 Vane,
478 2165 543 2216 quoe
552 2156 627 2215 portu
636 2148 735 2214 fugiens
746 2149 842 2199 eburno

386 2231 516 2282 Somnium
525 2230 615 2281 ducit?
632 2229 757 2280 Meliusne
767 2229 859 2279 fluetus

386 2314 428 2364 Ire
439 2329 484 2379 per
494 2312 582 2379 longos
593 2311 651 2373 fuit,
661 2326 695 2361 un
704 2318 817 2361 reeentes

450 2394 560 2459 Carpere
570 2393 665 2443 dores?

388 2574 474 2639 Siquis
483 2572 601 2622 infamem
611 2571 675 2622 mihi
684 2587 751 2623 nnnc
761 2573 892 2623 iuvencum

386 2654 470 2705 Dedut
481 2654 568 2717 irutee,
580 2653 689 2703 luoerore
699 2653 766 2703 ferro
776 2659 803 2703 et

385 2737 513 2801 Frangere
525 2737 607 2784 enitor
614 2735 688 2784 modo
698 2734 805 2785 multum
815 2735 894 2784 emoti

450 2814 552 2867 Cornus
562 2816 676 2866 monstri.
