2310 3592
395 425 554 469 OVIDJUs.
673 440 677 445 ⁴
782 443 829 488 ²¹3

117 519 168 568 Hic
180 534 229 584 ego
238 535 296 568 oum
305 519 384 569 lassos
394 520 532 585 posuissem
544 518 644 569 fletibus
656 526 735 578 artus,

151 600 274 651 Constitit
285 610 343 652 ante
354 603 437 659 oculos
449 602 529 652 Naias
538 618 590 652 una
601 618 683 652 meos:

117 681 249 744 Constitit,
260 689 287 732 si
297 683 372 743 dixit,
384 690 391 713 ⁴
402 683 525 744 Quoniam
536 698 587 732 non
598 683 699 749 ignibus
710 685 797 748 aequis

149 762 249 827 Uteris,
260 764 398 813 Ambracia
408 771 447 814 est
457 772 525 815 terra
535 765 642 830 petenda
653 765 718 814 tibi!

118 844 239 894 Phoebus
250 845 283 895 ab
293 847 401 906 excelso,
413 853 535 910 quantum
545 853 624 911 patet,
636 846 743 911 adspicit

218 941 326 998 aequor:

152 1006 278 1055 Astacum
289 1007 375 1072 populi
385 1006 587 1072 leucadiumque
596 1014 698 1056 vocant:

121 1086 187 1136 Hinc
199 1104 227 1137 se
237 1089 374 1138 Deucalion
385 1089 500 1154 Pyrrhae
513 1104 644 1139 succensus
655 1104 747 1151 amore,

152 1170 235 1231 Misit,
245 1179 272 1220 et
283 1171 367 1220 illaeso
377 1187 480 1237 corpore
489 1173 581 1236 pressit
592 1186 686 1235 aquas:

121 1250 173 1299 Nec
183 1267 261 1310 mora,
272 1267 359 1315 versus
370 1253 451 1302 Amor
461 1253 546 1318 tetigit
556 1252 694 1300 lentissima
704 1252 780 1300 mersi

151 1331 266 1391 Pectora,
278 1334 416 1382 Deucalion
427 1335 486 1399 igne
496 1333 592 1384 levatus
603 1339 664 1382 eras

121 1411 192 1462 Hunc
202 1415 285 1480 legem
294 1414 364 1464 loeus
374 1415 415 1464 ille
426 1422 510 1466 tenet:
526 1422 584 1480 pets
594 1415 708 1479 protinus
718 1414 795 1465 eliam

151 1493 275 1559 Ieuccda,
286 1511 332 1545 nec
343 1511 405 1546 saxo
416 1496 544 1546 desiluisse
554 1497 630 1546 time?

122 1574 157 1624 Ut
166 1579 269 1633 monuit,
281 1592 338 1626 oum
348 1593 408 1626 voce
418 1577 488 1627 abiit.
523 1578 580 1643 Ego
590 1579 679 1627 territa
689 1593 777 1645 surgo,

152 1657 204 1708 Neo
214 1659 334 1725 grangiae
344 1659 460 1708 lacrimas
470 1660 614 1708 continuere
625 1674 711 1724 genae.

121 1739 221 1799 Ibimus,
232 1757 247 1790 o
258 1741 389 1806 Nympho,
399 1749 586 1807 monstrataque
597 1757 660 1790 saxa
669 1748 789 1806 petemus.

116 1836 120 1845 ’
153 1819 191 1871 Sit
200 1823 290 1888 procul
298 1823 387 1872 insano
396 1824 477 1873 vietus
487 1839 572 1872 amore
583 1823 664 1873 timor.

453 1921 474 1953 v.
490 1910 539 1963 ne,
552 1907 634 1966 ross,
648 1905 760 1954 lor-176.

448 2223 499 2258 CLI.

395 2321 528 2375 Amosum.

325 2431 389 2487 Lib.
404 2434 422 2489 i.
465 2433 562 2506 Elegia
575 2432 612 2486 iii.

155 2876 267 2942 Nomina,
277 2879 300 2928 si
310 2877 389 2927 nocui
401 2878 528 2944 sanguinis
539 2883 626 2926 auctor
636 2888 721 2938 eques,
