2320 3590
390 421 596 465 reserares.
800 436 844 478 119

137 513 315 579 Romanosque
331 524 397 565 tuos.
431 517 480 565 Hie
490 517 582 566 Caesar
592 521 618 563 et
629 513 709 563 omnis
720 511 771 561 Iuli

137 596 285 661 Progenies,
297 612 419 662 magnum
429 597 491 647 oaeii
502 605 607 646 ventura
617 596 664 644 suh
676 610 757 644 axem.

138 676 189 725 Hie
200 678 248 739 vir,
260 677 303 727 hio
313 686 360 737 est,
371 678 418 727 tibi
429 694 503 742 quem
513 679 626 743 promitti
638 677 737 741 saepius
747 675 828 735 audis,

138 759 275 824 Augustus
286 759 389 818 Caesar,
400 759 460 809 Divi
470 775 559 825 genus,
570 775 647 808 aurea
654 757 743 807 condet

139 840 246 890 Saecula
257 843 301 905 qui
312 858 401 891 rursus
411 841 486 891 Latio
495 850 601 907 regnata
611 856 657 906 per
666 856 726 889 arva

140 922 250 972 Saturno
261 923 403 988 quondam3
422 939 497 987 super
508 932 534 972 et
545 923 712 973 Garamantas
723 928 748 970 et
758 920 834 969 indos

136 1005 253 1055 Proferet
262 1006 405 1071 inperium3
423 1008 488 1055 iacet
498 1013 573 1055 extra
583 1006 665 1054 sidera
677 1004 760 1065 tellus,

137 1088 221 1137 Extra
231 1089 292 1136 anni
304 1087 413 1152 solisque
424 1089 487 1150 vias,
497 1087 652 1137 ubieaelifer
663 1086 747 1148 Atlas,

137 1170 223 1218 Axem
234 1168 339 1216 humero
349 1175 450 1231 torquet
460 1168 539 1217 stellis
550 1167 694 1217 ardentibus
706 1174 799 1231 aptum.

139 1249 223 1299 Huius
234 1250 261 1299 in
271 1249 406 1298 adventum
417 1250 468 1297 iam
477 1264 543 1298 nuno
553 1255 580 1297 et
591 1247 683 1312 Caspia
692 1263 771 1312 regna

140 1332 277 1396 Responsis
288 1330 391 1379 horrent
402 1330 485 1378 divom
495 1338 521 1378 et
531 1329 643 1378 Maeotia
653 1328 736 1390 tellus,

140 1415 175 1465 Et
184 1414 374 1479 septemgemini
386 1413 491 1462 turbant
500 1411 598 1477 trepida
607 1412 672 1460 ostia
682 1410 744 1459 Nili.

142 1495 194 1545 Nee
205 1511 264 1544 vero
274 1494 377 1564 Aloides
388 1502 487 1544 tantum
498 1493 595 1543 telluris
607 1494 692 1554 obivit,

140 1577 238 1625 Fixerit
248 1575 391 1640 aeripedem
402 1591 501 1624 cervam
512 1574 579 1637 lieet,
589 1581 634 1623 aut
644 1571 795 1637 Erymanthi

141 1658 243 1707 Pacarit
253 1672 365 1719 nemora,
376 1664 402 1706 et
412 1656 521 1705 Lernam
532 1655 698 1705 tremefecerit
709 1669 767 1702 arou
776 1672 783 1716 3

140 1739 201 1803 Neo,
212 1740 258 1804 qui
268 1740 408 1804 pampineis
418 1740 498 1788 vietor
510 1739 570 1803 iuga
580 1737 657 1786 flectit
666 1736 778 1797 habenis,

141 1820 224 1883 Liber,
236 1836 314 1886 agens
325 1820 391 1869 celso
402 1819 490 1885 Nysae
502 1819 532 1868 de
542 1820 636 1869 vertice
647 1819 731 1883 tigris.

139 1901 173 1951 Et
181 1902 327 1951 dubitamus
338 1901 420 1949 adhue
431 1902 524 1949 virtute
535 1900 668 1949 extendere
677 1900 747 1960 viris,

141 1984 195 2033 Aut
204 1990 287 2033 metus
299 1980 413 2031 Ausonia
424 1982 539 2047 prohibet
549 1981 683 2030 consistere
694 1988 762 2028 terra
771 1979 782 2027 i

141 2064 203 2125 Quis
214 2065 302 2131 procul
313 2063 355 2112 iile
366 2070 450 2112 autem
460 2064 537 2112 ramis
548 2062 653 2127 insignis
662 2061 741 2110 olivae

139 2146 215 2196 Sacra
224 2145 329 2196 ferens?
353 2144 436 2194 Nosoo
444 2145 519 2193 erinis
529 2145 668 2207 insanaque
679 2150 763 2190 menta

141 2227 217 2293 Regis
229 2227 345 2288 Romani,
362 2226 469 2290 primam
479 2227 523 2289 qui
534 2224 632 2290 legibus
643 2224 731 2273 urbem

141 2307 275 2370 Fundabit,
283 2306 392 2357 Curibus
403 2307 488 2371 parvis
499 2314 525 2355 et
535 2321 644 2370 paupere
655 2312 724 2353 terra

140 2387 235 2438 Missus
247 2390 275 2437 in
286 2388 410 2453 inperium
420 2402 548 2452 magnum.
583 2387 632 2437 Cui
643 2387 731 2436 deinde
742 2386 846 2440 subibit,

142 2470 200 2519 Otia
210 2471 255 2534 qui
266 2476 368 2534 rumpet
378 2469 475 2533 patriae
486 2469 630 2532 residesque
641 2468 748 2517 movebit

142 2550 231 2600 Tullus
240 2552 268 2600 in
279 2565 350 2599 arma
361 2551 427 2599 viros
438 2556 465 2599 et
473 2550 524 2598 iam
534 2549 637 2599 desueta
648 2549 785 2614 triumphis·

143 2632 263 2697 Agmina.
297 2630 379 2692 Quem
390 2630 464 2679 iuxta
475 2631 588 2694 sequitur
600 2631 732 2680 iaetantior
743 2631 840 2692 Ancus,

143 2713 217 2764 Nune
232 2729 332 2778 quoque
353 2714 404 2761 iam
424 2713 530 2761 nimium
551 2711 663 2777 gaudens
683 2711 844 2777 popularibus

238 2796 315 2845 auris.

141 2876 191 2925 Vis
202 2883 227 2926 et
235 2875 387 2941 Tarquinios
397 2889 479 2939 reges,
489 2874 647 2937 animamque
658 2874 791 2937 superbam
