2310 3592
316 417 358 459 182
456 406 689 451 ANPHOLOGIA
716 406 865 447 LATINA.

608 551 723 588 cmm.

513 642 574 698 Lib.
589 642 627 698 iv.
669 640 766 713 Elegio
778 639 808 695 it

603 763 729 834 Sulpicia.

320 875 330 895 ³
338 919 350 940 ,.
357 866 431 962 ῬΞ
439 883 585 934 ULPICIA
592 893 630 933 est
638 884 685 932 tibi
692 883 760 960 cultp
768 883 828 944 tuin,
836 882 908 931 Mars
918 896 1011 946 magne,

364 957 371 969 i
393 956 432 1036 ζ’·
504 966 639 1030 Kalendis3

359 1051 385 1097 ἑ
405 1041 413 1065 '⁴
425 1084 434 1096 -,
457 1046 600 1112 Spectatum
610 1063 624 1095 e
634 1046 710 1106 coelo,
722 1048 744 1096 si
755 1048 831 1111 sepis,
840 1047 894 1110 ipse
904 1046 967 1094 veni.

315 1130 371 1179 Hoc
379 1128 468 1177 Venus
480 1128 603 1194 ignoscet:
621 1138 647 1177 nt
658 1137 695 1190 tu,
705 1128 819 1190 violente,
829 1135 916 1177 caveto
935 1106 1024 1229 Qui!
1038 1096 1120 1173 ‘liii

349 1211 387 1260 Ne
399 1211 444 1260 tibi
455 1211 557 1259 miranti
567 1211 674 1273 turpiter
684 1226 754 1259 erma
764 1210 865 1261 cedent.

317 1292 388 1341 Illius
399 1308 431 1340 ex
442 1291 528 1349 oculis,
539 1307 596 1339 cum
606 1291 660 1340 vult
670 1307 777 1340 exurere
788 1291 867 1351 divos,
883 1290 903 1419 X

349 1372 472 1421 Accendit
482 1373 594 1438 gemines
603 1371 731 1437 lampades
742 1388 799 1421 scer
809 1372 891 1420 Amor

317 1451 400 1513 Illum,
411 1450 529 1516 quicquid
540 1452 602 1515 ogit,
613 1467 714 1516 quoquo
724 1452 830 1517 vestigia
840 1454 926 1514 movit,

349 1532 482 1602 Componit
492 1532 582 1581 furtim
593 1532 801 1598 subsequiturque
811 1534 901 1583 Decor.

319 1615 369 1665 Seu
380 1615 454 1664 solvit
463 1617 553 1676 crines,
564 1615 627 1664 fusis
638 1615 710 1664 decet
718 1631 773 1665 esse
783 1616 878 1680 cupillis
889 1637 895 1663 z

351 1697 402 1747 seu
410 1699 523 1761 compsit,
533 1698 636 1762 comptis
652 1707 691 1747 est
701 1698 840 1747 venerando
850 1699 935 1746 comis.

318 1780 387 1842 Urit,
397 1795 441 1829 seu
452 1778 532 1844 Tyria
542 1779 621 1829 voluit
632 1779 765 1845 procedere
774 1780 856 1844 pellez

352 1861 418 1920 Urit,
429 1878 473 1912 seu
483 1863 556 1911 niveo
564 1862 670 1911 candido
680 1870 747 1911 veste
759 1863 835 1912 venit.

320 1944 391 1993 Telis
403 1945 429 1992 in
439 1951 541 1992 aeterno
552 1944 615 1992 felix
625 1944 782 1993 Vertumnus
795 1943 903 2009 Olympo

354 2026 424 2075 Mille
434 2026 510 2075 hebet
521 2034 633 2088 ornatus,
643 2026 710 2074 mille
721 2026 836 2075 decenter
846 2026 931 2076 habet.

323 2108 381 2157 Solu
391 2108 530 2172 puellarum
541 2107 617 2173 digna
628 2116 674 2170 est,
685 2109 726 2156 oui
735 2107 821 2156 mollio
830 2109 895 2156 ceris

353 2189 456 2238 Vellere
466 2189 508 2238 det
519 2192 599 2238 succis
609 2190 648 2238 bis
658 2190 797 2239 madefacto
808 2189 899 2255 Tyros,

320 2271 506 2334 Possideotque‚
516 2273 587 2321 metit
597 2272 716 2337 quicquid
728 2271 790 2320 bene
799 2272 923 2322 olentibus
934 2274 998 2322 ervis

354 2352 442 2402 Cultor
452 2353 569 2403 odoratae
579 2353 647 2402 dives
658 2354 744 2402 Arabs
754 2355 853 2419 segetis,

321 2434 356 2483 Et
365 2450 526 2500 quoscunque
536 2436 607 2501 niger
618 2435 695 2484 rubro
706 2436 737 2484 de
749 2435 822 2485 litore
834 2451 946 2501 gemmas

354 2516 490 2566 Proximus
500 2518 552 2567 eois
563 2518 658 2583 colligit
669 2518 746 2567 Indus
757 2519 838 2582 aquis.

323 2598 396 2647 Hanc
406 2614 459 2661 vos,
470 2598 591 2661 Pierides,
602 2599 673 2649 festis
683 2607 781 2649 suntote
789 2599 912 2659 kalendis,

355 2680 389 2729 Ilt
400 2680 540 2729 testudineo
549 2680 649 2731 Phoebe
659 2682 765 2746 superbe
775 2681 839 2747 lym.

324 2761 380 2810 Hoc
391 2761 499 2811 solemne
510 2778 623 2812 socrum:
640 2763 732 2813 multos
741 2762 789 2812 hoo
800 2770 882 2813 sumet
892 2763 919 2813 in
928 2778 1004 2813 nonos
1015 2781 1021 2811 :

355 2843 463 2908 Dignior
473 2852 511 2892 est
523 2851 605 2894 vestro
615 2843 684 2892 nulls
693 2844 777 2909 puello
787 2844 871 2895 choro.
