2310 3592
321 407 367 451 190
442 394 676 441 ANTHonoelA
703 399 850 443 LATINA.

645 577 705 614 οη.

608 665 692 723 Liber
705 672 741 722 iv.

462 769 586 826 Poematia
595 774 676 827 solum
689 793 782 828 occare
797 782 886 830 morte.

328 879 437 974 Μ
444 897 565 946 nenne
573 898 709 948 detinuisse
715 899 782 948 sm
791 908 818 949 οι
824 901 923 961 comm
933 901 1014 948 nem

329 949 439 1073 psl-§ly
484 979 598 1028 Flumine
609 979 726 1029 Threicia
736 982 883 1030 sustinuisse
894 980 966 1046 lyra3

325 1051 435 1109 ahvaz
460 1060 527 1110 Sene
552 1059 709 1110 Cithaeronis
728 1060 828 1110 Thebas
850 1062 946 1127 agitata
966 1076 1008 1126 per

416 1150 497 1190 artem

354 1223 446 1287 Sponte
457 1240 503 1272 sue
514 1225 540 1271 in
550 1224 616 1271 muri
626 1223 739 1272 membra
749 1224 827 1272 coisse
838 1222 924 1272 ferunt
933 1243 941 1288 3

319 1305 480 1365 Quinetiam,
492 1305 654 1369 Polypheme,
665 1305 719 1354 fera
730 1304 837 1354 Galatea
847 1304 895 1353 sub
906 1305 989 1353 Aetne

351 1387 394 1435 Ad
404 1394 449 1436 tua
459 1394 573 1435 rorantes
583 1387 695 1435 carmina
705 1385 778 1434 flexit
788 1402 876 1449 equos.

319 1468 450 1529 Miremur,
460 1467 531 1516 nobis
542 1474 567 1516 et
576 1466 676 1516 Baccho
685 1475 711 1516 et
721 1467 840 1532 Apolline
850 1467 948 1528 dextro,

352 1549 439 1598 Turba
449 1548 589 1614 puellarum
600 1549 622 1596 si
633 1564 689 1597 mea
699 1548 775 1597 verba
784 1548 866 1597 colit?

317 1632 391 1693 Quod
401 1647 450 1680 non
457 1631 587 1680 Taenariis
596 1630 684 1679 domus
694 1638 732 1679 est
739 1629 801 1678 mihi
812 1630 879 1679 fulta
890 1629 1014 1688 columnis,

350 1713 403 1770 Nec
414 1728 513 1778 camera
523 1719 623 1761 auratas
634 1713 699 1760 inter
708 1711 804 1760 eburna
817 1712 917 1776 trabes3

318 1795 370 1843 Nec
381 1810 437 1842 mea
447 1793 575 1843 Phaeneas
586 1800 694 1857 aequant
704 1795 817 1857 pomaria
828 1793 913 1851 silvas.

348 1874 407 1923 Non
418 1890 523 1938 operosa
533 1875 600 1939 rigat
610 1873 719 1922 Martius
730 1882 803 1922 antra
813 1874 911 1938 liquor:

316 1957 354 2006 At
364 1956 453 2004 Musae
464 1957 574 2012 comites,
586 1962 612 2003 et
622 1955 734 2002 carmina
745 1969 806 2002 cara
816 1953 920 2019 legenti,

347 2038 381 2086 nt
391 2037 488 2086 defessa
499 2036 581 2086 choris
592 2036 721 2100 Calliopea
730 2036 799 2084 meis.

315 2119 460 2177 Fortunate,
472 2134 526 2167 meo
537 2119 558 2167 si
569 2133 619 2181 qua
630 2133 657 2166 es
667 2118 792 2167 celebrate
802 2116 903 2166 libello!

347 2202 466 2251 Carmina
476 2210 551 2249 erunt
561 2200 657 2249 formae
668 2207 706 2248 tot
716 2205 877 2247 monumenta
887 2206 953 2247 tuae.

315 2283 379 2331 Nem
390 2298 472 2347 neque
480 2281 643 2347 Pyramidum
655 2291 769 2344 sumptus
780 2279 813 2328 ad
823 2279 905 2328 sidera
916 2278 990 2338 ducti,
1006 2302 1011 2339 l

346 2364 400 2414 Nec
410 2364 477 2412 Iovis
487 2364 542 2412 Elei
551 2363 647 2412 caelum
658 2362 755 2411 imitate
765 2362 863 2424 domus,

314 2445 367 2495 Nec
379 2445 502 2495 Mausolei
512 2445 581 2494 dives
591 2444 693 2505 fortuna
704 2442 812 2508 sepulcri

347 2526 439 2575 Mortis
449 2526 481 2575 ab
492 2532 605 2574 extrema
616 2524 756 2573 conditione
768 2531 867 2573 vacant·

313 2608 369 2656 Aut
380 2607 428 2656 illis
439 2607 540 2655 flamma
551 2613 596 2654 aut
607 2606 685 2654 imber
696 2605 817 2654 subducet
827 2604 940 2658 honores,

349 2693 480 2736 Annorum
491 2696 537 2737 aut
549 2690 601 2736 ictu
611 2686 722 2751 pondera
733 2687 800 2735 victa
811 2692 900 2750 ruent3

313 2770 351 2817 At
361 2784 411 2816 non
421 2769 521 2833 ingenio
533 2769 672 2831 quaesitum
683 2782 774 2815 nomen
784 2766 817 2815 ab
828 2782 889 2816 aevo

349 2848 469 2899 Excidet:
487 2850 589 2914 ingenio
600 2856 651 2898 stat
661 2850 714 2897 sine
725 2856 805 2896 morte
816 2847 898 2897 decus.

881 2931 943 2992 Ele·
955 2924 980 2973 ii.
