2304 3590
402 364 560 408 STATIUS.
592 388 594 392 ·
787 372 833 428 285

129 456 186 509 Stat
198 472 274 523 super
286 457 421 523 inpendens
432 458 596 524 advectosque
607 458 708 508 horrida
719 466 812 509 maesto

114 558 117 563 ’
128 540 234 589 Excutit
245 555 288 588 ore
299 540 376 597 eibos,
387 556 443 588 eum
454 540 521 588 solus
534 541 559 588 in
571 540 660 589 arbore
670 557 729 590 cara

130 619 238 686 Sanguis
249 630 276 670 et
285 629 397 670 errantes
408 638 452 686 per
463 629 536 686 capta
547 622 638 670 cubilia
648 622 754 686 plumae.

162 702 200 751 Ut
211 703 306 752 laoeros
317 711 387 751 artus
397 704 493 768 gremio
504 703 644 752 miseranda
654 705 748 769 recepit

129 784 275 848 Intexitque
285 787 370 842 comm,
381 785 481 835 tandem
491 785 576 833 laxata
586 785 668 833 dolore

130 865 192 915 Vox
203 868 299 915 invenit
309 867 365 928 iter,
377 868 534 932 gemitusque
545 868 571 914 in
582 866 658 915 verba
669 868 752 917 soluti:

163 946 274 996 ‘Omihi
285 946 396 996 desertae
407 954 523 995 natorum
534 947 613 996 duleis
625 949 716 1014 imago,

131 1028 297 1088 Archemore‚
308 1044 324 1076 o
333 1044 417 1077 rerum
428 1036 454 1077 et
465 1029 560 1093 patriae
571 1029 680 1081 solamen
691 1030 820 1095 ademptae

133 1107 283 1173 Servitiique
295 1110 377 1171 decus,
389 1111 476 1173 quite,
487 1125 542 1158 mea
553 1111 653 1174 gaudia,
667 1119 748 1160 sontes

134 1190 274 1239 Extinxere
287 1191 336 1248 dei,
347 1190 421 1239 modo
433 1206 508 1255 quem
519 1191 631 1256 digressa
642 1192 732 1256 reliqui

133 1270 266 1320 Iaeeivum
277 1277 302 1319 et
312 1286 391 1336 prono
401 1281 534 1320 vexantem
542 1274 656 1337 gramina
666 1275 761 1322 eursu?

134 1352 193 1401 Heu
203 1353 246 1401 ubi
259 1352 346 1401 siderei
355 1352 438 1401 vultus
449 1353 460 1400 ἱ)
478 1353 523 1402 ubi
533 1353 609 1401 verba
619 1353 703 1418 ligatis

134 1434 276 1499 Inperfecta
287 1434 361 1493 sonis,
374 1435 488 1496 risusque
499 1440 524 1482 et
534 1449 662 1482 murmura
673 1434 718 1483 soli

135 1514 266 1564 Intellecta
276 1513 360 1562 mihi?
378 1515 492 1576 quotiens
503 1514 550 1563 tibi
559 1513 671 1563 Lemnon
680 1523 706 1564 et
716 1516 789 1581 Argo

138 1594 214 1646 Sneta
224 1595 295 1659 loqui
305 1603 332 1642 et
342 1594 416 1659 longa
427 1610 540 1642 somnum
551 1594 655 1643 suadere
667 1597 788 1659 querela?

137 1677 177 1727 Sie
188 1676 304 1741 equidem
314 1677 395 1725 luctus
406 1676 504 1729 solabar
514 1684 540 1724 et
550 1677 627 1724 ubera
638 1692 715 1741 parvo

135 1757 190 1805 Iam
200 1763 315 1805 materna
325 1754 424 1816 dabam,
435 1755 475 1803 eui
486 1770 551 1803 nuno
563 1757 630 1804 venit
640 1756 727 1804 irritus
737 1758 775 1805 ori

135 1836 229 1894 Laetis,
241 1843 267 1885 et
276 1835 365 1885 infelix
374 1837 401 1884 in
411 1835 514 1884 minere
524 1835 630 1899 liquitur
639 1838 725 1887 imber.

136 1917 218 1967 Nosco
229 1918 302 1966 deos:
318 1933 333 1965 o
344 1916 408 1965 dura
418 1918 468 1965 mei
477 1918 607 1982 praesagia
617 1920 696 1968 somni

138 1998 311 2063 Nocturnique
319 2005 578 2062 metus‚etnumquam
586 2001 678 2064 inpune
685 2016 730 2065 per
738 2002 839 2049 umbras

138 2081 271 2143 Attonitae
282 2080 345 2128 mihi
354 2081 409 2128 visa
419 2080 507 2129 Venus
517 2082 522 2128 Ι
541 2097 603 2145 quos
615 2098 695 2147 arguo
705 2083 774 2132 divos
783 2083 795 2131 i

138 2161 197 2224 Ipsa
207 2177 255 2226 ego
265 2161 385 2224 te-quid
393 2162 459 2209 enim
469 2162 570 2210 timeam
581 2163 703 2211 moritura
712 2163 786 2212 fateri
795 2164 806 2211 i

139 2242 251 2307 Exposui
261 2242 328 2291 fatis
361 2241 433 2302 Quae
442 2251 550 2291 mentem
562 2244 658 2293 insania
669 2245 770 2293 traxit?

139 2322 251 2372 Tantane
261 2337 302 2370 me
312 2329 396 2371 tantae
407 2331 508 2371 tenuere
516 2322 608 2372 oblivia
618 2325 711 2373 curae?

139 2405 206 2453 Dum
217 2405 314 2469 patrios
323 2419 395 2453 easus
406 2404 536 2467 famaeque
547 2420 637 2454 exorsa
648 2415 757 2455 retracto

140 2485 281 2535 Ambitiosa
292 2499 370 2547 meae,
381 2486 461 2549 pietas
470 2485 531 2534 haec
542 2502 641 2551 magna,
652 2487 775 2551 fidesque!

139 2567 240 2618 Exsolvi
252 2567 308 2623 tibi,
318 2566 420 2624 Lemne,
430 2566 516 2631 nefas3
534 2566 578 2615 ubi
590 2567 670 2617 letifer
680 2570 777 2632 anguis,

141 2647 221 2706 Ferte,
233 2647 318 2705 duces,
330 2648 413 2695 meriti
424 2648 445 2695 si
455 2662 506 2710 qua
516 2654 554 2696 est
563 2648 625 2696 mihi
636 2650 717 2714 gratia
727 2650 793 2707 duri,

142 2729 235 2794 siquis
247 2729 327 2778 honos
338 2728 418 2787 dietis,
430 2737 475 2777 ant
484 2745 528 2778 vos
538 2730 677 2795 extinguite
686 2731 761 2790 ferro,

142 2810 180 2860 Ne
190 2812 277 2861 tristes
289 2810 401 2859 dominos
412 2810 549 2874 orbamque
560 2812 661 2860 inimica
673 2813 776 2861 revisam
