2310 3592
330 407 376 451 224
474 388 710 432 Anrnonoou
736 389 880 431 narrar.

328 485 473 550 Inspicitur,
484 491 649 549 penetratque
660 499 734 533 envas
742 499 792 533 vox
802 484 883 532 omnis
894 483 928 531 ad
941 499 1013 532 aures

327 565 407 615 Fama
418 573 493 624 tenet,
505 580 650 630 summaque
661 565 762 614 domum
772 565 819 614 sibi
829 565 893 629 legit
904 566 932 614 in
944 581 1015 614 aree:

327 645 524 710 Innumeroeque
535 646 618 696 aditus
629 662 658 695 ao
669 645 736 694 mille
747 646 870 694 foramina
882 647 956 695 tectis

329 728 445 791 Addidit,
456 737 483 777 et
492 728 568 777 nullis
578 728 679 777 inclusit
689 728 776 776 limina
786 729 872 793 portia.

329 810 410 860 Noote
419 810 509 874 dieque
520 817 599 875 patet.
630 809 696 858 Tota
706 817 786 859 estex
798 825 855 858 aere
863 813 978 859 sonanti:

328 890 394 941 Tota
404 891 498 954 fremit,
510 906 629 954 vooesque
637 891 722 949 refert,
732 892 864 954 iteratque,
876 891 944 956 quod
954 891 1027 941 audit

329 972 406 1021 Nulla
417 973 487 1038 quies
497 974 575 1027 intus,
585 971 702 1035 nullaque
715 971 814 1020 silentia
824 979 905 1036 parte.

328 1053 382 1103 Nee
391 1060 475 1103 tamen
486 1053 636 1110 enelamur,
648 1053 691 1102 sed
703 1068 794 1117 parvae
804 1068 937 1102 murmura
948 1052 1025 1113 roais,

326 1135 418 1196 Qualia
429 1137 459 1185 de
468 1134 560 1201 pelagi,
571 1138 593 1184 si
604 1136 660 1198 quis
671 1134 756 1200 procul
767 1134 860 1197 audiat,
872 1136 946 1184 undis

327 1217 390 1266 Esse
400 1217 496 1266 solent:
513 1216 642 1281 qualemve
653 1231 750 1279 sonum,
761 1231 818 1266 oum
829 1216 945 1282 Iuppiter
955 1228 1018 1268 atras

327 1298 456 1363 Increpuit
467 1299 553 1354 nubes.
566 1306 679 1347 extrema
689 1300 800 1348 tonitrua
809 1299 927 1349 reddunt.

327 1378 405 1428 Atria
415 1378 490 1427 turba
499 1385 585 1429 tenete
603 1380 706 1428 veniunt
716 1378 769 1428 leve
779 1379 879 1445 vulgus,
889 1388 997 1445 euntque
1007 1400 1013 1429 ε

326 1460 460 1525 Mixtaque
470 1476 527 1509 enm
537 1461 603 1510 veris
614 1462 706 1525 passim
717 1469 856 1511 commenta
866 1470 988 1529 vagantur

327 1540 400 1590 Milia
409 1557 547 1605 rumorum,
559 1542 711 1606 oonfusaque
721 1543 798 1592 verba
810 1543 931 1595 volutant

329 1624 352 1671 E
362 1624 453 1688 quibus
464 1623 491 1672 hi
501 1639 592 1673 vacuas
603 1624 706 1688 implent
718 1625 872 1675 sermonibus
883 1642 964 1684 aures,

326 1704 362 1754 Hi
375 1712 479 1755 narrata
490 1705 574 1754 ferunt
585 1704 644 1766 alio,
656 1720 821 1769 mensuraque
832 1706 884 1755 fieti

325 1787 434 1847 Crescit,
446 1793 472 1835 et
482 1786 575 1836 auditis
586 1785 681 1849 aliquid
690 1802 770 1836 novus
780 1786 858 1836 adicit
868 1796 961 1837 auctor.

329 1868 385 1918 Illio
396 1867 544 1926 Credulitas,
553 1868 604 1917 illio
615 1868 762 1917 temerarius
773 1868 861 1930 Error,

325 1949 450 2014 Vanaque
461 1948 570 1998 Laetitia
580 1955 627 2010 est,
637 1950 839 2014 consternatique
850 1950 971 2013 Timores,

327 2030 470 2094 Seditioque
480 2045 575 2091 recens,
586 2029 710 2093 dubioque
720 2038 822 2081 auotore
835 2031 945 2083 Susurri.

327 2112 386 2176 Ipsa
398 2112 458 2176 quid
468 2114 496 2160 in
506 2112 575 2160 caelo
586 2127 669 2159 rerum
679 2111 816 2176 pelagoque
826 2122 931 2179 geratur

326 2194 361 2242 Et
370 2193 467 2255 tellure,
479 2194 553 2251 videt,
565 2201 694 2258 totumque
705 2194 810 2257 inquirit
820 2196 846 2243 in
857 2196 950 2246 orbem.

400 2279 405 2287 '
878 2290 901 2324 r.
912 2280 989 2325 aaut.

589 2545 757 2663 saiw
