2304 3590
350 349 595 400 assuminus.
795 370 842 415 339

134 436 248 492 Pulveris
258 442 401 509 ambiguam
411 447 504 497 nubam
514 447 671 513 speculamur
681 449 714 498 ab
724 447 782 497 altis
809 484 811 489 ,

134 517 266 580 Turribus,
276 525 374 586 meanti,
382 528 461 578 socios
472 536 588 594 apportet
599 545 633 579 an
645 529 730 579 hostes

135 600 181 650 Ille
191 603 288 668 globus.
321 607 433 659 Mentem
443 624 564 675 suspensa
573 611 671 661 silentia
680 611 774 661 librant
785 630 791 660 :

135 681 222 734 Donec
230 685 349 750 pulvereo
358 689 404 738 sub
414 690 515 740 turbine
525 691 614 742 sideris
624 693 704 742 instar

135 764 246 817 Emicuit
258 767 401 822 Stilichonis
411 788 486 838 apex,
497 780 524 824 et
534 775 635 840 eognita
646 774 719 824 subit

136 846 254 899 Canities.
288 850 382 903 Gavisa
391 869 481 919 repens
491 870 537 920 per
547 856 646 906 moenia
656 855 750 906 elamoe

136 927 255 989 Tollitur,
266 932 273 958 ‘
284 931 343 997 Ipse
352 935 421 983 venit
429 936 447 983 l'
463 934 554 986 Portas
565 952 653 986 sooura
662 952 707 1001 per
718 948 803 986 omnes

137 1007 226 1061 Turba
236 1013 351 1065 salutatis
359 1014 497 1067 effunditur
508 1017 581 1068 obvia
592 1017 678 1083 signis.

137 1088 196 1139 Nou
206 1092 257 1141 iam
269 1092 379 1145 delectus
389 1096 483 1159 miseri,
495 1111 549 1155 neo,
561 1095 625 1146 ialoe
634 1112 679 1161 per
691 1111 765 1162 agros

137 1172 269 1239 Deposita,
279 1176 387 1226 iaculum
398 1177 500 1228 vibrans
512 1177 623 1243 ignobile
633 1192 743 1240 messor3

139 1254 190 1304 Nea
199 1264 282 1306 tentat
291 1257 398 1323 elipeum
409 1259 526 1323 proiectis
538 1273 637 1308 sumere
646 1259 744 1320 rastris,
839 1284 842 1290 ·

137 1335 242 1387 Bellona
252 1338 349 1389 ridente
360 1338 446 1401 Ceras,
458 1339 610 1406 humilisque
620 1354 740 1389 novorum

140 1414 235 1465 Seditio
245 1416 353 1468 clamosa
363 1418 467 1470 ducum:
485 1419 528 1469 sed
540 1434 599 1469 vera
608 1420 733 1479 iuventus,

139 1496 223 1548 Verus
234 1498 323 1549 ductor
333 1500 412 1563 adest,
421 1508 447 1550 et
458 1500 541 1550 vivida
551 1500 643 1550 Martis
654 1500 744 1564 imago.

651 1595 676 1631 v.
690 1584 808 1630 tto-4⁵8.

439 1751 544 1789 cunm.

362 1850 486 1906 Alaricus
498 1851 618 1921 loquitar.

185 2121 262 2207 tflil,
282 2155 418 2206 Praeberet
425 2154 531 2212 veniam,
539 2168 675 2216 numquam
682 2153 745 2202 haee
752 2168 840 2218 oppro-

239 2240 295 2290 bria
304 2238 405 2303 linguae

142 2323 239 2389 Turpia
249 2320 380 2370 Danubius
390 2333 429 2368 me
440 2317 534 2383 sospite
546 2316 623 2366 ferret
632 2315 733 2365 inultus.

143 2406 226 2464 Anne,
237 2409 275 2453 tot
285 2402 417 2467 Augustos
428 2399 514 2450 Hebro
524 2399 568 2464 qui
578 2403 642 2448 testa
652 2396 749 2463 fugavi,

143 2485 180 2535 'I'e
190 2485 273 2551 patiar
284 2482 402 2533 suadente
412 2481 506 2546 iugum,
516 2495 572 2530 oum
582 2478 684 2529 sessorit
694 2477 773 2527 omnis

143 2565 277 2629 Obsequiis
287 2570 379 2613 natura
388 2561 471 2612 meis?
497 2559 631 2611 subsidere
641 2558 732 2610 nostris

145 2646 197 2697 Sub
206 2645 313 2712 pedibus
323 2652 427 2705 montes,
436 2657 546 2693 arescere
556 2641 663 2692 vidimus
674 2653 766 2688 amnes.

145 2727 202 2777 Non
212 2728 248 2778 ita
259 2725 304 2776 Dii
315 2723 398 2777 Getici
409 2723 498 2782 faxint,
509 2722 648 2786 Manesque
657 2726 797 2785 pareutum,

145 2807 181 2858 Ut
190 2823 246 2858 maa
253 2821 372 2858 eonverso
380 2804 490 2871 relegam
500 2806 605 2870 vestigia
615 2818 696 2853 ouran.
