2310 3592
330 411 378 445 200
480 392 716 437 Anraotools
742 392 889 435 aarum.

331 487 410 553 Saepe
420 486 480 537 tulit
491 487 587 537 blandis
598 495 718 554 argentea
728 487 782 537 lilia
792 486 929 553 Nymphis,

362 568 468 617 Romula
479 584 511 618 ns
522 569 611 618 faeiem
622 569 732 618 laederet
741 569 814 618 hasta
825 569 893 618 Tati.

329 650 446 714 Dumque
459 650 526 700 subit
536 651 617 715 primo
628 648 754 715 Capitolia
763 650 849 699 nubila
860 650 936 708 fumo,

362 730 470 779 Rettulit
481 730 585 780 hirsutis
595 731 700 780 braohia
710 739 778 779 secta
787 731 874 795 rub1s3

328 812 362 861 Et
373 828 418 861 sua
427 811 536 877 Tarpeia
545 812 657 861 residens
668 812 705 861 ita
714 811 783 860 flevit
793 811 826 860 ah
836 826 895 860 aree

360 893 484 951 Vulnera,
496 894 576 942 vicino
586 909 637 943 non
647 893 765 959 patienda
776 893 832 941 Iovi
842 913 849 942 ε

330 970 421 1035 ‘Ignes
432 978 571 1019 castrorum
582 978 608 1019 et
619 970 707 1020 Tatiae
717 971 843 1036 praetoria
851 974 951 1020 turmae

361 1052 395 1101 Ilt
405 1052 513 1101 formosa
524 1052 602 1102 oeulis
612 1068 683 1101 arma
694 1051 788 1101 Sabina
798 1052 869 1114 meis,

327 1133 350 1183 O
360 1135 458 1182 utinam
468 1134 501 1182 ad
511 1141 606 1182 vestros
618 1133 716 1182 sedeam
726 1136 826 1197 captiva
836 1132 952 1193 Penates,

359 1222 427 1270 Dum
437 1223 535 1287 oaptiva
545 1225 595 1271 mei
605 1224 732 1288 oonspieer
743 1237 814 1271 arma
824 1221 890 1272 Tati

327 1304 435 1354 Romani
444 1312 548 1365 montes,
559 1312 585 1354 et
595 1306 722 1355 montibus
733 1305 820 1354 addita
831 1305 919 1365 Roma,

360 1384 394 1432 Et
404 1383 486 1432 valeat
496 1383 589 1448 probro
602 1384 682 1433 Vesta
694 1384 810 1448 pudenda
820 1400 883 1436 meo.

326 1464 374 1513 Ille
385 1479 473 1529 equus,
484 1463 526 1513 ille
536 1480 603 1514 meos
615 1466 641 1513 in
651 1473 735 1514 castra
745 1473 849 1530 reponet
858 1481 963 1526 amores,

359 1544 408 1595 Cui
417 1544 507 1594 Tatius
517 1545 621 1595 dextras
631 1545 736 1595 collouat
746 1547 800 1610 ipse
810 1546 890 1596 iubas.

328 1626 396 1687 Quid
406 1628 497 1675 mirum
508 1627 535 1675 in
545 1627 640 1692 patrios
653 1626 762 1691 Scyllam
773 1629 880 1677 saevisse
889 1628 986 1694 oapillos

359 1705 520 1772 Candidaque
530 1708 557 1755 in
568 1723 654 1756 saevos
666 1708 769 1773 inguina
780 1723 853 1757 versa
862 1709 954 1758 onnes?

326 1786 430 1837 Prodita
440 1789 501 1852 quid
511 1789 603 1836 mirum
613 1787 719 1837 fraterni
729 1805 823 1838 cornua
834 1790 945 1851 monstri,

359 1867 423 1917 Cum
434 1870 516 1933 patuit
526 1869 591 1918 lecto
601 1869 707 1920 stamine
718 1876 785 1919 torta
795 1870 858 1919 via?

326 1948 454 2010 Quantum
465 1965 512 2016 ego
523 1966 578 1999 sum
588 1949 709 2000 Ausoniis
718 1952 813 2000 crimen
823 1951 921 2001 iactura
929 1948 1017 2017 puellis,

357 2032 477 2096 Improba
486 2034 601 2098 virgineo
610 2032 676 2082 lecta
686 2034 801 2083 ministra
810 2034 865 2084 fooo
875 2035 880 2081 !

325 2111 442 2162 Pallados
454 2115 578 2163 extinctos
588 2114 610 2163 si
622 2115 679 2177 quis
689 2114 823 2163 mirabitur
832 2116 912 2181 ignes,

357 2194 475 2259 Ignoscat
486 2216 493 2245 ι
511 2194 620 2244 lacrimis
632 2197 762 2260 spargitur
772 2211 817 2245 ara
827 2197 897 2246 meis.

325 2274 397 2338 Cras,
408 2284 438 2325 ut
449 2292 534 2325 rumor
544 2277 590 2338 ait,
600 2282 654 2325 tota
664 2276 817 2342 pugnabitur
827 2276 904 2327 urbe:

356 2351 397 2401 'l'u
406 2369 467 2418 cape
478 2354 570 2419 spinosi
580 2353 665 2402 rorida
675 2360 747 2418 terga
757 2355 819 2420 iugi.

324 2432 432 2482 Lubrica
443 2441 497 2484 tota
506 2436 547 2483 via
557 2442 596 2482 est
606 2441 632 2484 et
642 2433 752 2498 perfida3
771 2437 863 2500 quippe
874 2441 980 2485 tacentes

356 2513 450 2564 Fallaei
460 2515 526 2565 relat
536 2516 616 2564 limite
628 2530 726 2580 semper
736 2531 823 2579 aquas.

322 2596 345 2645 Ο
355 2597 451 2645 utinam
463 2597 574 2662 magicae
585 2612 684 2645 nossem
694 2598 836 2646 cantamina
846 2596 948 2647 Musae!

355 2677 425 2726 Haeo
435 2693 534 2742 quoque
545 2677 654 2726 formoso
664 2677 752 2742 lingua
761 2677 861 2726 tulisset
871 2694 949 2744 opem.

323 2757 360 2806 Te
370 2764 431 2822 toga
440 2758 507 2822 pieta
518 2758 598 2820 decet,
608 2773 659 2807 uon
669 2773 744 2821 quem
754 2759 807 2806 siue
817 2761 906 2808 matris
916 2760 1005 2809 honore

354 2836 441 2887 Nutrit
449 2838 598 2888 inhumanae
610 2838 673 2888 dura
683 2839 776 2904 papilla
785 2838 867 2904 lupae.
