2304 3590
316 388 362 431 288
461 379 695 423 ANTHOLOGIA
723 379 868 422 sumna,

315 475 386 524 Mors
397 475 455 533 alia,
465 483 491 524 et
502 475 562 524 socii
572 491 659 539 pacem
670 474 751 523 fecere
760 476 870 524 timores.

316 555 385 605 Talis
395 563 450 604 erat
460 571 548 620 campo
557 554 617 604 belli
628 554 749 603 fluitantis
761 556 850 619 imago.

348 637 405 686 Sive
415 636 557 686 laborantes
568 644 686 701 concepto
695 635 796 684 flamine
807 644 889 684 terrae

316 717 455 767 Venturum
467 718 562 766 rabiem
572 724 598 765 et
607 717 719 766 clamum
729 718 822 765 eiecere
833 717 954 777 furorem,

316 798 409 847 Exedit
419 814 461 847 seu
472 806 546 863 putre
557 798 636 847 solum
647 798 790 863 carpsitque
801 796 904 846 terendo

316 879 392 929 Unda
401 880 490 942 luteus,
502 881 553 929 sive
563 880 610 928 huc
620 881 740 929 volventis
751 879 869 927 machina
879 878 943 927 eseli

317 962 441 1019 Incubuit,
453 963 504 1011 sive
514 977 586 1011 omne
596 961 689 1009 fretum
699 959 827 1025 Neptunia
836 960 915 1008 movit

318 1042 409 1109 Cuspis
419 1050 446 1092 et
454 1051 580 1091 extremus
591 1044 693 1107 gravius
704 1057 773 1091 mare
784 1043 858 1090 torsit
867 1042 893 1089 in
905 1056 971 1097 ores,

319 1124 368 1174 Seu
379 1126 430 1174 vati
441 1125 513 1175 dutus
523 1125 565 1173 ille
575 1124 671 1189 fragor,
682 1140 726 1173 seu
737 1133 805 1172 terra
814 1125 911 1171 minuta
921 1131 960 1172 est

317 1206 466 1271 Fratribns3
483 1221 539 1255 ecce
549 1205 600 1254 alte
610 1221 729 1270 praeceps
740 1205 831 1253 humus
840 1220 884 1253 ore
896 1204 1019 1269 profundo

318 1287 426 1347 Dissilit,
438 1289 512 1351 inque
523 1288 602 1337 vicem
613 1294 769 1336 tremuerunt
780 1287 862 1334 sideru
873 1295 899 1335 et
910 1287 1018 1335 umbrae.

319 1368 394 1416 illum
405 1369 493 1432 ingens
502 1368 588 1416 haurit
600 1383 696 1433 specus,
707 1376 732 1416 et
744 1368 850 1416 transire
861 1376 980 1431 parantes

319 1450 415 1515 Mergit
425 1461 510 1514 eques3
519 1466 571 1499 non
579 1466 649 1499 arma
658 1465 742 1513 manu,
752 1465 802 1497 non
813 1449 885 1497 frena
894 1449 998 1511 remisit,

320 1532 390 1582 Sicut
400 1539 463 1594 erst,
474 1540 554 1580 rectos
565 1530 646 1580 defert
657 1532 682 1579 in
693 1530 801 1580 Tartara
810 1545 908 1579 currus.

321 1612 488 1677 Respexitque
499 1611 589 1660 cadens
600 1612 696 1660 caelum
706 1626 870 1674 campumque
881 1612 948 1660 coire

320 1695 455 1759 Ingemuit,
466 1693 542 1741 donec
554 1692 631 1741 levior
641 1693 760 1742 distantia
769 1707 856 1740 rursus

321 1776 424 1825 Miscuit
435 1791 495 1824 srva
506 1781 606 1831 tremor,
618 1775 746 1837 lucemque
757 1773 865 1822 exclusit
876 1772 988 1822 Averno,

708 1857 760 1904 Lu.
772 1868 820 1902 vn.
837 1870 860 1903 v.
874 1856 988 1907 789·823.

628 2023 720 2059 cxcix.

524 2128 690 2183 Achilleidos.
725 2128 787 2182 Lib.
802 2128 819 2182 i.

423 2262 512 2315 Thetis
523 2260 651 2314 Achillem
662 2260 698 2313 ad
710 2216 819 2330 Scyrum
833 2260 928 2331 desert.

378 2545 399 2564 v1

336 2584 355 2634 ,s
400 2569 404 2586 ²
434 2567 445 2580 ‘¹
486 2578 573 2639 Qualis
584 2581 665 2628 vicino
675 2579 782 2629 volucris
793 2581 844 2628 iam
855 2580 944 2632 sedule
954 2590 1026 2648 partu

323 2662 427 2726 Iamque
444 2661 541 2719 timens,
559 2676 609 2724 qua
631 2661 718 2710 fronde
737 2662 837 2711 domum
859 2665 997 2729 suspendet

422 2757 529 2800 manem,

322 2823 439 2872 Providet
450 2823 507 2872 hinc
519 2832 614 2882 ventsse,
626 2824 684 2874 hinc
693 2825 769 2874 unxit
779 2826 876 2891 cogitat
890 2842 996 2893 ungues,
