2310 3592
432 357 589 400 OVIDIUS.
810 371 854 416 237

156 447 288 498 Successor
299 450 349 498 fuit
359 451 400 498 hio
411 451 466 513 tibi,
479 451 566 501 Galle=
590 451 737 516 Propertius
745 449 798 499 illi:

187 529 300 590 Quartus
311 532 344 581 ab
355 531 395 581 his
406 535 470 581 serie
483 534 600 597 temporis
611 535 664 597 ipse
676 533 720 583 fui

156 610 241 676 thue
251 628 299 678 ego
310 614 426 670 maiores,
437 614 473 662 sie
484 629 523 663 me
534 613 632 663 ooluere
643 613 760 677 minores,

186 692 305 756 Notaque
316 708 366 742 uon
377 692 449 742 tarde
460 693 527 744 faeta
538 692 629 743 Thalia
639 710 695 744 mea
706 703 752 744 est.

156 774 275 824 Carmina
284 791 342 823 eum
352 777 462 840 primum
471 774 563 839 populo
574 775 692 824 iuvenilia
702 776 759 840 legi,

187 854 273 904 Barba
282 862 378 905 reseote
387 855 450 904 mihi
460 856 528 904 bisve
539 855 644 904 semelve
654 856 710 904 fuit.

159 937 274 987 Moverat
285 938 413 1002 ingenium
424 944 502 986 totam
514 944 614 986 cantata
624 953 669 1001 per
680 936 775 986 Urbem

189 1017 297 1067 Nomine
307 1034 359 1066 non
368 1034 427 1067 vero
438 1018 505 1066 diota
515 1017 625 1067 Corinna
635 1018 704 1067 mihi.

158 1099 241 1148 Multa
252 1100 353 1164 quidem
366 1100 458 1164 scripsi.
494 1098 544 1148 Sed
554 1114 618 1163 quae
628 1100 717 1149 vitiosa
726 1101 823 1166 putavi,

189 1180 365 1229 Emendaturis
376 1180 476 1245 ignibus
487 1181 540 1245 ipse
551 1180 615 1228 dedi.

158 1261 229 1310 Tune
245 1276 352 1326 quoque,
369 1277 426 1310 cum
442 1261 563 1327 fugerem,
577 1261 700 1326 quaedam
715 1261 840 1326 placitura

254 1345 371 1405 eremari,

191 1425 277 1474 Iratus
288 1424 371 1474 studio
381 1424 581 1488 carminibusque
591 1425 660 1474 meis.

160 1505 236 1555 Molle
246 1504 392 1570 Cupidineis
402 1521 447 1554 nee
458 1505 652 1570 inexpugnabile
663 1505 719 1555 telis

191 1587 242 1637 Cor
252 1587 324 1649 mihi,
335 1586 450 1651 quodque
460 1586 522 1635 levis
534 1602 609 1635 eausa
619 1593 738 1644 moveret,
748 1594 812 1637 erat.

160 1669 223 1719 eum
233 1677 319 1717 tamen
328 1666 369 1715 hio
378 1682 465 1722 essem,
475 1668 625 1731 minimoque
634 1668 781 1717 accenderer
792 1670 860 1734 igne,

193 1748 299 1798 Nomine
309 1748 356 1797 sub
365 1756 450 1797 nostro
461 1747 546 1797 fabula
557 1748 625 1796 nulla
636 1748 692 1797 fuit.

160 1832 243 1880 Paene
254 1830 318 1879 mihi
328 1846 406 1895 puero
415 1846 461 1879 neo
472 1830 549 1895 digna
558 1846 603 1880 nee
614 1830 682 1879 utilis
690 1846 756 1880 uxor

193 1914 239 1961 Est
250 1912 318 1969 data,
330 1927 394 1975 quae
405 1920 502 1976 tempus
513 1927 558 1975 per
569 1910 643 1960 breve
654 1919 734 1976 nupta
744 1912 801 1962 fuit.

160 1994 201 2043 Illi
212 1995 338 2054 suecessit,
349 1994 460 2057 quamvis
472 1995 524 2042 sine
535 1994 638 2042 orImine
647 1995 763 2054 coniunx,

193 2076 250 2124 Non
260 2082 345 2124 tamen
355 2076 382 2123 in
392 2082 477 2123 nostro
488 2074 561 2123 firma
571 2075 657 2124 futura
667 2086 730 2124 toro.

162 2155 267 2217 Ultima,
278 2171 342 2219 quae
353 2171 449 2204 meeum
460 2171 528 2204 seros
537 2156 674 2219 permansit
684 2159 710 2204 iu
721 2171 807 2218 annos,

195 2238 319 2288 Sustinuit
330 2239 439 2287 coniunx
449 2238 530 2286 exulis
541 2253 595 2286 esse
605 2238 659 2287 viri.

163 2318 227 2367 Filia
236 2335 276 2367 me
285 2334 342 2367 mea
352 2318 391 2367 bis
402 2318 484 2382 prima
496 2317 601 2366 fecunda
612 2319 721 2380 iuventa,

195 2399 245 2449 Sed
255 2415 305 2448 non
317 2414 351 2448 ex.
360 2415 410 2447 uno
422 2399 536 2463 coniuge,
548 2399 607 2447 feeit
617 2414 696 2447 avum.

164 2481 255 2530 Etiam
266 2479 401 2544 complerat
411 2480 510 2545 genitor
522 2495 567 2528 sua
577 2479 639 2541 fata,
649 2495 786 2543 novemque

195 2561 337 2610 Addiderat
347 2561 433 2610 lustris
445 2560 525 2610 altera
536 2560 616 2608 lustra
625 2576 721 2611 novem.

165 2643 221 2692 Non
230 2642 303 2691 aliter
314 2641 380 2698 flevi,
391 2656 465 2705 quam
478 2657 517 2690 me
527 2641 630 2690 fleturus
642 2641 766 2691 ademtum

196 2724 241 2774 Ille
254 2723 310 2772 fuit.
347 2722 426 2771 Matri
437 2723 552 2787 proxima
563 2723 629 2771 iusta
640 2722 691 2772 tuli.
