2304 3590
396 393 554 436 STATIUS.
786 407 830 452 27⁵

130 484 158 533 Si
170 486 232 549 quid
242 487 342 553 Apellei
352 489 462 553 gaudent
473 489 595 536 animasse
605 486 707 547 colores,

130 564 157 614 si
169 568 232 630 quid
242 568 323 618 adhuc
332 584 419 631 vacua,
429 576 512 618 tamen
524 567 677 623 admirabile,
688 567 749 615 Pisa

130 645 267 697 Phidiacae
277 664 361 698 rasere
372 665 470 711 manus,
480 649 547 712 quod
558 648 590 697 ab
600 657 654 698 arte
665 647 789 713 Myronis,

131 725 188 773 Aut
198 724 342 790 Polycleteo
353 726 447 774 iussum
457 735 496 775 est
507 725 573 789 quod
583 727 665 774 vivere
676 724 751 774 caelo.

132 805 253 870 Aeraque
263 808 295 856 ab
307 806 448 856 Isthmiacis
460 822 522 856 auro
533 807 631 872 potiora
641 806 740 861 favillis,

132 886 185 935 Ora
196 887 288 936 ducum
297 896 415 937 atratum
427 889 616 952 sapientumque
627 902 672 936 ora
680 888 801 956 priorum,

134 967 205 1028 Quos
216 969 264 1017 tibi
274 985 335 1018 cura
345 970 425 1032 sequi,
437 984 500 1034 quos
510 975 563 1018 toto
572 976 670 1034 pectore
681 970 766 1029 sentis,

132 1049 232 1114 Expers
242 1065 361 1098 curarum
371 1058 447 1115 atque
459 1051 569 1098 animum
579 1052 671 1098 virtute
681 1038 766 1114 quieta

134 1131 293 1196 Compositus
305 1147 451 1198 semperque
461 1139 527 1181 tuus.
556 1131 624 1192 Quid
633 1132 700 1181 mille
711 1133 835 1181 revolvam

132 1213 250 1263 Culmina
259 1215 402 1279 visendique
413 1214 500 1263 vices?
527 1212 578 1262 Sua
589 1215 679 1278 cuique
689 1213 810 1278 voluptas,

134 1294 223 1360 Atque
239 1297 308 1345 omni
324 1296 455 1359 proprium
473 1294 583 1343 thalamo
599 1309 677 1355 mare,
697 1304 814 1357 transque

231 1379 353 1426 iacentem

135 1456 220 1507 Nerea
229 1458 334 1506 diversis
346 1459 422 1507 servit
432 1473 479 1507 sua
489 1464 558 1506 terra
567 1457 689 1507 fenestris

135 1538 204 1587 Haec
213 1540 282 1589 videt
292 1540 425 1598 Inarimen,
436 1539 474 1588 illi
484 1537 612 1602 Prochyta
622 1554 712 1603 aspera
721 1547 806 1603 paret:

135 1620 255 1685 Armiger
266 1619 312 1668 hac
322 1620 408 1684 magni
418 1625 488 1683 patet
499 1618 623 1680 Hectoris,
632 1620 689 1668 inde
699 1620 835 1684 malignum

138 1700 206 1748 A'e'ra
216 1701 325 1762 respirat
338 1699 427 1763 pelago
438 1698 584 1748 circumflua
595 1699 677 1755 Nesis,

135 1779 196 1828 Inde
208 1781 279 1845 vagis
290 1796 363 1828 omen
374 1779 435 1828 felix
446 1780 550 1829 Euboea
561 1781 660 1839 carinis,

138 1862 256 1926 Quaeque
267 1861 327 1909 ierit
337 1877 426 1910 curvos
436 1869 537 1910 exserta
548 1862 659 1924 Megalia
669 1862 765 1911 fluctus.

138 1945 250 2009 Angitur
261 1949 287 1991 et
297 1942 398 1991 domino
408 1950 495 1991 contra
505 1943 639 1991 recubante
649 1943 784 2007 proculque

139 2023 285 2073 Surrentina
297 2031 356 2073 tuus
365 2030 461 2087 spectat
471 2024 596 2088 praetoria
606 2023 703 2071 Limon.

687 2121 710 2151 v.
722 2109 804 2152 5282,

234 2207 249 2232 ο
348 2207 362 2233 ιι
462 2207 476 2234 ι
574 2206 587 2234 a
687 2205 701 2230 a
773 2195 789 2207 “

169 2268 248 2334 Saepe
259 2285 305 2334 per
316 2278 464 2319 autumnum
475 2271 525 2318 iam
536 2269 684 2334 pubescente
694 2268 779 2332 Lyaeo

139 2347 286 2399 Conscendit
296 2351 412 2415 scopulos
423 2352 554 2415 noctisque
564 2350 660 2399 occulta
671 2349 717 2398 sub
729 2350 817 2397 umbra

140 2429 245 2479 Palmite
254 2440 354 2481 maturo
364 2434 475 2481 rorantia
485 2432 580 2481 lumina
590 2433 662 2480 tersit

138 2511 223 2561 Nereis
234 2520 261 2562 et
271 2512 352 2561 dulcis
363 2514 447 2577 rapuit
460 2513 491 2561 de
503 2513 607 2562 collibus
617 2527 691 2560 uvas.

143 2592 219 2659 Saepe
229 2603 255 2643 et
267 2595 348 2642 vicino
360 2610 446 2658 sparsa
459 2602 497 2643 est
507 2594 631 2642 vindemia
640 2593 727 2653 fluctu,

142 2673 173 2723 Ilt
184 2674 269 2741 Satyri
280 2674 391 2723 cecidere
402 2675 480 2737 vadis,
491 2676 629 2737 nudamque
640 2689 685 2738 per
696 2674 775 2722 undas

144 2752 235 2805 Dorida
246 2757 358 2805 montani
369 2757 499 2821 cupierunt
508 2754 629 2821 prendere
641 2754 728 2803 Panes.

174 2835 212 2887 Sia
222 2837 294 2899 felix,
307 2838 390 2900 tellus,
401 2838 506 2887 dominis
518 2835 637 2886 ambobus
648 2836 673 2883 in
685 2851 762 2883 annos
