2360 3598
245 377 287 427 viii
482 380 694 423 PRAEFATIO.

246 520 323 572 timue
334 525 499 589 reperiantur.
534 524 623 588 Neque
637 525 704 573 enim
714 531 765 574 tam
777 532 831 575 erat
843 526 869 574 in
880 527 944 575 votis

245 619 273 660 ut
283 627 367 662 omnes
378 613 488 677 undique
499 612 613 663 flosculos
623 630 760 680 carperem,
770 631 845 679 quam
856 622 885 664 ut
895 615 940 664 hu·

246 702 354 751 iusmodi
363 704 451 753 studiis
458 706 531 768 quasi
541 705 623 754 calcar
634 704 760 755 adderem.
789 704 863 765 Quod
873 707 896 754 si
904 706 944 755 hie

243 792 387 844 lectitandis
403 795 442 844 vel
458 797 590 844 memoriae
606 795 761 858 mandandis,
770 812 835 845 unns
846 803 871 845 et
881 795 945 845 alter

246 900 345 935 iuvenis

433 992 448 1012 ⁶⁴
457 988 554 1038 integros
566 989 671 1030 accedere
681 990 749 1030 fontis
759 991 773 1009 ’¹

249 1111 343 1159 maiore
358 1126 415 1159 cum
431 1110 515 1160 fructu
529 1113 673 1174 assueverit,
683 1111 742 1161 huic
757 1118 843 1161 nostro
859 1111 947 1172 labori,

248 1201 288 1249 rel
299 1202 381 1267 potius
394 1201 507 1251 laborum
522 1201 709 1266 oblectamento,
721 1202 819 1252 abunda
837 1202 946 1252 satisfac·

251 1300 304 1341 tum
316 1295 370 1342 erit

285 1384 418 1448 Reliquum
430 1390 468 1432 est
480 1390 508 1431 ut
522 1372 607 1431 amicis
627 1383 670 1446 qui
685 1399 758 1448 opem
776 1389 801 1431 ct
821 1381 950 1431 consilium

250 1472 430 1538 praestiterunt
437 1472 665 1537 gratiesmuximas
673 1488 754 1537 agam.
785 1471 950 1536 Nequeprae·

253 1561 413 1610 termittenda
434 1569 472 1611 cst
489 1563 593 1610 comitas
615 1562 663 1610 viri
685 1560 825 1610 Reverendi
849 1561 951 1610 Ioannis

255 1651 341 1709 Keble,
360 1652 440 1700 omnis
462 1653 498 1700 rei
518 1653 628 1717 poeticae
647 1652 744 1714 iudicis,
763 1653 784 1700 si
805 1654 860 1716 quis
879 1651 952 1713 alius,

254 1742 438 1808 elegantissimi,
449 1757 478 1790 ac
494 1741 620 1790 Theodori
637 1741 748 1806 Martin3
767 1757 872 1806 quorum
889 1741 953 1790 alter

255 1831 438 1881 Praelectiones
463 1847 520 1880 sues
549 1831 722 1893 Academicus,
749 1831 814 1880 alter
837 1830 951 1880 libellum

257 1920 350 1971 Catulli
366 1921 506 1970 amantibus
523 1936 621 1985 semper
637 1921 663 1968 in
679 1920 774 1969 deliciis
790 1920 911 1981 futurum,
922 1920 954 1968 ed

256 2020 353 2061 nostros
363 2028 423 2062 usus
432 2011 603 2061 commodavit.

308 2129 359 2173 Kal.
369 2129 433 2171 Febr.
445 2140 571 2172 succentu.

535 2310 697 2420 uide

291 2547 323 2597 ln
342 2547 381 2596 his
399 2547 466 2595 curis
484 2544 606 2606 secundis,
626 2559 705 2609 pauca
724 2544 805 2601 omisi,
816 2557 881 2591 nova
893 2557 957 2606 quae

261 2639 316 2687 dam
329 2637 473 2696 intertexui,
484 2635 622 2685 difficiliora
633 2635 717 2700 paullo
728 2633 875 2698 locupletius
886 2646 960 2680 anno·

262 2726 405 2776 ratiunculis
431 2727 555 2775 iustruere
578 2726 679 2774 tentavi.
723 2724 839 2789 Vergilio
860 2723 962 2785 eiusque

261 2815 405 2880 aequalibus
417 2822 462 2864 ant
476 2815 576 2864 omnino
588 2822 632 2862 aut
643 2829 734 2878 magna
744 2828 777 2861 ex
788 2820 859 2878 parte
876 2826 961 2876 super·
