2310 3592
353 402 398 458 178
496 395 729 438 rumorosus
757 394 904 437 LATINA.

346 489 444 539 Flebis:
462 504 512 538 nou
522 496 566 538 tua
577 496 636 538 suut
646 489 709 539 duro
720 489 867 554 praecordia
877 490 944 539 ferro

379 571 480 633 Vincta,
492 587 537 621 nee
547 573 574 619 iu
584 577 669 621 tenero
679 578 730 621 stat
740 571 787 620 tibi
797 572 872 621 eorde
883 571 953 622 siles.

345 652 394 702 1110
404 668 453 701 non
465 654 561 702 iuvenis
573 654 664 718 poterit
674 652 705 702 ds
716 652 805 702 funera
814 653 947 718 quisquam

376 734 492 795 Lumina,
503 750 553 783 non
563 736 644 800 virgo,
656 735 721 784 sieta
731 734 826 782 referre
837 734 946 784 domum.

345 810 385 860 Tu
395 811 485 861 Manes
496 828 528 860 ne
538 811 609 861 laede
619 827 696 872 meos,
706 811 749 860 sed
760 827 834 875 parce
845 811 934 861 solutis

375 892 493 943 Crinibus
503 901 530 943 et
540 894 640 954 teneris,
651 891 737 955 Delia,
746 908 820 957 pares
831 894 914 958 genis.

342 974 454 1036 Interea,
464 974 524 1022 dum
535 974 589 1023 fata
600 976 694 1036 sinunt,
706 976 839 1039 iungamus
849 989 964 1024 amoresz

374 1055 428 1104 Iam
440 1056 522 1105 veniet
532 1056 642 1105 tenebris
654 1056 723 1105 Mors
735 1055 856 1120 adoperta
865 1063 947 1120 caput.

859 1153 880 1187 v,
892 1139 976 1187 situ.

649 1277 733 1312 CXXX.

618 1365 716 1438 Elegia
725 1366 762 1422 iii.

336 1464 552 1714 ffissffls
573 1494 689 1559 Aegaeas
710 1495 763 1543 sina
781 1509 831 1554 me,
853 1493 973 1557 Messala,
993 1510 1036 1560 per

343 1610 352 1645 ᾗ
539 1575 629 1637 undas,

490 1656 513 1706 Ο
524 1657 619 1706 utinam
630 1671 751 1705 memores
762 1657 815 1721 ipse
826 1656 965 1722 cohorsque
976 1659 1034 1708 mei:

336 1737 378 1786 Me
389 1746 457 1788 tenet
468 1740 560 1804 ignotis
568 1753 673 1803 aegrum
683 1737 807 1786 Phaeacia
819 1739 909 1788 terris=

366 1820 502 1871 Abstineas
513 1820 608 1881 avidas,
619 1820 691 1869 Mors
702 1835 790 1884 precor
801 1827 866 1882 atra,
877 1836 974 1870 manus.

332 1902 478 1963 Abstineas,
489 1901 560 1951 Mors
571 1910 637 1963 atra,
648 1917 751 1966 pressis
769 1918 820 1950 non
831 1902 871 1951 hie
882 1904 945 1953 mihi
956 1912 1032 1954 mater

365 1982 436 2043 Quae
446 1983 513 2049 legat
523 1984 549 2032 in
559 1992 667 2033 maestos
678 1998 735 2031 ussa
747 1991 850 2048 perusta
860 1985 939 2048 sinus,

331 2064 389 2113 Non
400 2080 477 2123 soror,
488 2065 610 2130 Assyrios
620 2066 697 2113 cineri
709 2080 773 2129 quae
784 2065 862 2114 dedat
872 2066 961 2116 odores

364 2145 397 2194 Et
407 2145 466 2194 fleat
475 2144 560 2194 effusis
571 2153 630 2194 ante
641 2145 773 2209 sepulchra
783 2147 868 2209 sumis,

329 2228 403 2276 Delia
413 2242 464 2275 non
474 2242 580 2290 usquam
590 2246 597 2291 3
616 2243 680 2289 quae
689 2242 729 2275 me
740 2243 797 2275 eum
808 2229 920 2279 mitteret
930 2229 1001 2291 urbe,

361 2309 460 2357 Dicitur
471 2315 529 2357 ante
540 2308 866 2368 omneseonsuluissejeos.

326 2389 375 2438 Illa
385 2405 468 2438 sacras
478 2389 550 2453 pueri
560 2397 639 2438 sortes
651 2397 690 2439 ter
702 2389 818 2464 sustulit:
836 2391 874 2440 illi

359 2470 465 2520 Rettulit
475 2487 489 2517 e
501 2471 580 2518 triviis
592 2471 675 2519 omina
686 2482 755 2520 certa
765 2487 835 2536 puer.

321 2554 418 2604 Cuncta
432 2552 525 2601 dabant
537 2552 647 2601 reditus:
668 2559 752 2602 tamen
769 2559 809 2603 est
825 2552 947 2605 deterrita
963 2572 1019 2604 nun·

422 2649 507 2698 quam.

354 2713 423 2773 Quin
433 2712 505 2761 fleret
516 2721 616 2761 nostras
627 2714 830 2779 prospiceretque
840 2715 901 2763 vias

321 2794 379 2859 Ipsa
391 2810 438 2859 ego
450 2794 551 2861 solator,
562 2811 619 2842 cum
631 2796 678 2843 iam
692 2794 812 2843 mandata
822 2794 952 2857 dedissem,

353 2875 508 2936 Quaerebam
519 2875 604 2924 tardus
615 2876 705 2924 anxius
716 2892 795 2939 usque
805 2891 896 2927 morast
