2310 3592
335 388 381 432 226
485 378 718 422 ANTHOLOGIA
745 379 891 422 LATINA.

334 474 429 537 Noluit,
440 490 503 539 eque
515 474 589 524 domo
600 489 690 524 vacuas
700 474 785 523 emisit
795 474 822 523 in
832 489 915 524 auras

333 556 423 605 Editus
433 557 460 605 in
470 557 551 606 lucem
562 557 638 605 iacuit
649 557 702 605 sine
713 555 806 605 viribus
817 555 918 605 infense

332 637 395 686 Mox
402 637 553 703 quadrupes,
560 639 661 701 rituque
668 636 726 686 tulit
735 637 900 686 suamembra
908 636 1029 687 ferarum:

332 718 507 784 Paulatimque
517 726 626 768 uomens
636 726 662 767 et
671 718 781 767 nondum
789 718 883 782 poplite
894 717 968 767 firmo

332 798 460 863 Constitit,
471 800 564 849 adiutis
574 799 658 863 aliquo
668 801 798 848 conamine
808 800 900 849 nervis.

332 880 394 930 Inde
405 882 490 931 valens
502 881 623 944 veloxque
633 880 692 943 fuit,
703 881 861 945 spatiumque
871 882 987 930 iuventae

333 961 444 1025 Transit,
455 970 481 1012 et
491 963 601 1011 emeritis
611 961 687 1011 medii
697 977 796 1027 quoque
807 963 927 1027 temporis
936 963 1006 1010 annis

332 1044 437 1094 Labitur
448 1045 563 1095 occiduae
572 1060 617 1110 per
627 1046 675 1094 iter
685 1043 777 1093 declive
788 1051 908 1094 senectae.

332 1126 436 1176 Subruit
446 1128 507 1176 baec
518 1129 572 1176 aevi
582 1126 763 1191 demoliturque
774 1126 865 1191 prioris

293 1238 297 1245 ·
333 1207 433 1256 Robora
443 1226 450 1257 z
470 1207 563 1272 fletque
573 1205 654 1256 Milon
663 1206 755 1268 senior,
765 1221 822 1255 cum
833 1213 930 1270 spectat
939 1207 1020 1256 inanes

331 1289 400 1350 Illos,
411 1293 454 1354 qui
464 1289 563 1338 fuerant
574 1287 710 1338 solidorum
719 1287 783 1337 mole
793 1295 907 1337 tororum

312 1377 313 1380 ’
333 1370 463 1421 Herculeis
475 1370 576 1433 similes,
586 1369 676 1419 fluidos
686 1369 793 1434 pendere
804 1369 919 1421 lacertos.

333 1448 390 1498 Flet
401 1463 507 1512 quoque,
517 1454 547 1496 ut
558 1449 586 1496 in
596 1447 695 1512 speculo
707 1461 783 1512 rugas
793 1448 894 1511 aspexit
904 1446 990 1509 aniles,

332 1529 466 1594 Tyndaris,
477 1535 503 1577 et
513 1543 605 1590 secum,
615 1543 660 1577 cur
671 1528 704 1576 sit
714 1527 753 1579 bis
763 1535 848 1592 rapta,
857 1528 972 1592 requirit.

334 1608 444 1674 Tempus
454 1608 520 1658 edax
530 1625 623 1671 rerum,
633 1616 712 1674 tuque
722 1608 846 1657 invidiosa
856 1616 977 1671 vetustas,

333 1691 424 1741 Omnia
434 1691 572 1754 destruitis,
583 1691 719 1756 vitiataque
729 1689 847 1740 dentibus
857 1692 914 1740 aevi

333 1772 457 1822 Paulatim
468 1772 536 1822 lenta
545 1773 689 1822 consumitis
698 1773 782 1821 omnia
791 1779 881 1822 morte.

803 1869 826 1903 v.
840 1859 955 1905 les-236.

340 2428 355 2460 a*
370 2390 451 2467 ima
505 2416 540 2465 Et
550 2415 646 2480 patitur
656 2412 736 2462 lentas
746 2412 875 2462 obsidione
886 2428 977 2462 moras.

337 2452 443 2493 ffi‘libff

344 2462 447 2548 (Q
472 2498 540 2548 Dum
551 2502 632 2553 vacat,
642 2502 668 2544 et
678 2502 794 2544 metuunt
803 2494 888 2545 hostes
898 2495 1008 2545 commit·

364 2662 471 2712 Luditur
480 2663 507 2710 in
517 2660 613 2717 castris,
624 2659 675 2708 otis
686 2658 756 2707 miles
767 2660 829 2724 agit.

333 2743 485 2808 Tarquinius
498 2742 593 2791 iuvenis
604 2740 682 2789 socios
693 2739 847 2806 dapibusque
858 2752 974 2804 meroque

363 2821 462 2887 Accipit
470 2840 478 2886 3
495 2834 528 2870 ex
537 2818 587 2868 illis
593 2833 653 2883 rege
663 2824 760 2867 creatus
770 2819 806 2867 ait
816 2839 823 2868 ε
