2310 3592
1009 16 1014 27 e

1008 32 1012 43 ι

895 49 928 73 sn

928 62 945 77 tt

752 50 930 155 emt
975 112 1011 127 »ψ
1049 114 1074 123 ,.

744 76 901 299 &mu
947 202 964 207 -

289 368 291 371 ·
357 359 596 403 PROPERTIUS.
665 356 668 362 “
785 378 829 421 193

129 452 183 503 Vos
193 453 278 504 decuit
287 454 355 505 lasso
366 471 506 520 supponere
516 455 621 504 brachiu
631 461 715 502 mento
725 474 732 518 3

160 535 218 584 Non
228 543 330 601 peteret
340 544 436 586 vestras
448 537 489 585 ille
499 552 604 602 grevme
613 552 708 585 manus.

128 617 166 666 At
178 627 214 678 tu,
222 633 295 667 saeve
307 617 413 682 Aquilo,
423 634 560 682 numquam
571 634 627 666 meu
636 617 692 666 vele
703 617 797 666 videbis
807 637 814 681 3

161 698 230 748 Ante
240 687 312 748 iores⁸
319 699 433 748 dominae
443 699 536 748 condar
545 705 643 763 oportet
652 698 727 747 iners.

493 784 558 843 Eup.
569 781 613 830 vii.
626 785 699 844 1-123
718 784 798 831 esus.
818 776 832 809 x

438 959 520 994 CXLII.

338 1062 384 1117 De
395 1067 476 1119 natali
491 1065 625 1138 Cynthius.

132 1430 231 1480 Natalis
240 1437 341 1479 nostrae
352 1431 452 1494 signum
461 1432 551 1487 misere
562 1432 670 1496 puellae,

161 1513 195 1563 Et
204 1508 321 1561 mcffibus
333 1511 427 1560 faustos
437 1518 477 1561 ter
487 1528 605 1577 crepuere
617 1529 697 1562 sonos.

132 1593 257 1642 'li-unseet
268 1593 309 1641 hic
320 1592 373 1641 sine
383 1593 449 1642 nube
459 1593 521 1653 dies,
534 1601 600 1642 stent
611 1610 669 1645 uere
680 1595 757 1657 venti,
768 1595 775 1624 ‘

163 1675 246 1725 Ponet
257 1681 284 1722 et
295 1674 396 1722 insieco
407 1673 515 1723 molliter
525 1675 593 1723 unde
602 1677 691 1725 minas.

131 1756 279 1821 Adspiciunt
292 1753 374 1804 nullos
384 1755 505 1804 hodierna
515 1755 570 1804 luce
582 1756 700 1814 dolentes,

164 1838 198 1887 Et
210 1837 305 1886 Niobes
316 1836 432 1885 lut-imas
443 1838 583 1901 supprimat
593 1839 646 1901 ipse
657 1838 728 1902 lapis.

132 1919 278 1983 Alcyonum
288 1917 377 1982 positis
387 1918 545 1981 requiescant
555 1934 599 1967 ora
611 1919 731 1983 querelis3

165 2001 283 2064 Increpet
293 1998 453 2062 absumptum
463 2014 509 2047 nec
521 2015 567 2047 suu
577 2008 656 2049 mater
667 2000 742 2065 Itym.

134 2079 232 2147 Tuque,
244 2095 260 2130 ο
270 2095 330 2129 curu
340 2079 410 2138 mihi,
420 2079 533 2129 felicibus
543 2080 611 2129 edite
621 2083 718 2146 pennis,

165 2162 257 2228 Surge,
268 2168 294 2209 ct
304 2168 434 2225 poscentes
444 2161 511 2210 iusta
522 2177 625 2225 precere
636 2162 710 2212 Deos.

134 2247 174 2293 Ac
185 2245 296 2308 primum
305 2257 370 2306 pura
381 2257 495 2290 somnum
506 2242 552 2291 tibi
562 2242 658 2292 discute
669 2244 781 2309 lympha,

166 2325 201 2373 Et
211 2324 305 2374 nitidus
315 2339 402 2388 presso
412 2323 501 2388 pollice
512 2323 579 2389 finge
589 2341 681 2374 comcs.

133 2407 202 2456 Dein
212 2420 264 2470 que
273 2407 384 2470 primum
395 2403 479 2453 ocules
489 2406 578 2470 cepisti
588 2414 656 2455 veste
667 2406 792 2472 Properti,

168 2487 257 2548 Indue,
269 2501 316 2535 nec
326 2500 433 2534 vacuum
443 2483 504 2534 flore
514 2487 627 2551 relinque
637 2496 713 2552 caput
722 2509 729 2552 3

133 2569 171 2617 Et
180 2575 246 2632 pete,
257 2583 308 2631 quu
318 2564 406 2631 pollen,
417 2573 446 2613 ut
457 2568 490 2614 sit
501 2566 547 2615 tibi
558 2568 639 2617 forma
650 2571 774 2632 perennis,

169 2649 248 2714 Inque
259 2663 344 2697 meum
356 2662 453 2710 semper
464 2653 530 2696 stent
541 2656 584 2697 tun
595 2665 674 2714 regnu
683 2658 766 2714 caput.

135 2731 200 2781 Inde
210 2737 343 2780 coronatus
354 2728 398 2776 ubi
412 2735 467 2777 ture
478 2732 586 2793 piaveris
598 2747 663 2788 ures,

169 2811 274 2863 Luxerit
284 2819 312 2862 et
323 2817 380 2860 tote
389 2808 490 2858 flamma
503 2812 611 2860 secunda
622 2812 702 2869 demo,

490 2905 507 2939 ο
