2304 3590
340 415 386 461 ²74
484 396 718 440 ANTHOLOGIA
745 397 892 439 ιιιιιιι.

338 490 378 540 Tu
389 491 493 557 prohibe
504 506 607 541 menam
617 506 695 557 genas
705 498 839 556 noctesque
849 490 937 543 beate

337 571 459 621 Dulcibus
469 572 584 636 alloquiis
595 579 622 621 et
632 570 910 635 virisvultibueinp103

338 654 372 703 Et
381 654 484 719 periisse
494 669 560 745 nega
569 653 757 717 desolatamque
769 668 889 714 sororem,

339 734 389 795 Qui
399 740 478 799 potes,
490 743 516 785 et
526 733 631 785 mmeros
640 751 717 801 perge
728 736 855 785 insinuare
866 740 989 799 parentes

852 833 876 864 v.
893 820 950 865 189·
952 821 1003 865 234.

664 967 736 1005 cxci.

437 1101 468 1135 ιι.
493 1082 561 1136 Villa
573 1082 731 1136 Surrentina
742 1082 824 1136 Pollii
837 1083 944 1137 Felicis.

344 1416 417 1518 Gelsa
429 1467 562 1518 Dicarchei
573 1468 726 1533 speculatrix
736 1467 795 1517 villa
806 1469 934 1534 profundi,

342 1549 399 1608 Qua
409 1547 510 1599 Bromio
520 1548 623 1599 dilectus
634 1564 704 1613 ager,
714 1547 839 1613 collesque
848 1565 896 1614 per
905 1551 968 1600 altos

342 1629 433 1680 Uritur
443 1638 468 1680 et
479 1630 570 1696 praelis
581 1645 631 1679 nou
642 1629 736 1679 invidet
746 1646 795 1679 ura
805 1629 929 1681 Falernis.

922 1729 944 1762 v.
958 1719 1003 1762 lo.

440 1810 452 1838 Ι
551 1810 566 1838 Ι
663 1810 677 1838 h
775 1810 789 1837 ί
890 1812 905 1838 0

375 1874 424 1922 His
434 1873 497 1923 favit
506 1880 597 1923 natura
608 1873 676 1936 locis,
688 1874 727 1922 his
735 1875 802 1922 victa
812 1873 904 1924 colenti

342 1955 425 2005 Cessit
433 1964 459 2005 et
469 1956 567 2020 ignotos
577 1954 664 2004 docilis
674 1955 813 2004 mansuevit
824 1956 852 2004 in
862 1972 931 2006 usus

342 2037 416 2085 Mons
426 2043 482 2085 eret
491 2035 541 2097 hic,
552 2035 595 2084 ubi
608 2035 682 2100 plana
694 2036 771 2098 vides,
782 2044 808 2085 et
818 2036 901 2086 lustra
910 2037 1018 2101 fuerunt,

343 2118 413 2178 Quae
428 2133 495 2166 nunc
512 2124 577 2166 tecta
592 2116 674 2181 subis3
695 2118 737 2167 ubi
751 2133 818 2167 nuuc
834 2134 938 2169 nemora
954 2120 1028 2169 ardua

437 2198 526 2255 cernis,

341 2281 390 2329 llic
401 2296 445 2329 nec
456 2289 525 2328 terra
536 2279 591 2329 fuit.
625 2279 730 2329 Domuit
740 2295 877 2345 possessor,
887 2291 915 2332 et
924 2282 993 2333 illum

341 2363 501 2412 Formautem
511 2376 586 2426 rupes
597 2370 833 2426 expugnantemque
843 2371 931 2415 secuta

343 2445 442 2496 Gaudet
452 2443 551 2492 humus.
585 2442 659 2491 Nunc
668 2458 741 2491 cerne
752 2443 840 2507 iugum
850 2443 973 2496 discentis
983 2461 1039 2496 saxa

342 2527 517 2589 intrantesque
527 2523 613 2573 domos
623 2525 769 2589 iussumque
780 2526 897 2575 recedere
907 2537 1020 2578 montem.

342 2609 398 2658 Iam
407 2606 580 2672 Methymnaei
591 2605 655 2654 vatis
665 2620 754 2654 munus
765 2613 791 2654 et
801 2605 890 2672 chelys
900 2623 953 2658 una

341 2690 450 2739 Thebais
460 2696 485 2738 et
495 2688 577 2738 Getici
586 2687 658 2736 cedat
668 2686 714 2735 tibi
724 2686 806 2752 gloria
815 2688 913 2751 plectri.

341 2771 375 2820 lit
384 2778 412 2820 tu
424 2784 485 2818 saxa
494 2784 587 2829 moves,
597 2775 623 2816 et
632 2775 658 2816 te
668 2782 769 2816 nemora
781 2767 833 2816 alta
844 2780 991 2833 sequuntur.

373 2850 441 2910 Quid
448 2850 555 2898 referam
563 2854 659 2897 veteres
670 2862 790 2911 ceraeque
802 2849 919 2914 aerisque
929 2849 1036 2916 figuras?
