2310 3592
348 419 351 425 ,
398 401 562 444 runsrus.
795 417 841 463 245

137 489 248 541 Deducit
258 493 370 559 trepidas
381 509 481 545 ramosa
491 496 518 545 in
528 495 637 560 compita
647 502 751 555 mentes,

138 570 182 619 Me
192 572 240 622 tibi
251 576 380 639 supposui.
414 576 525 626 Teucros
536 584 564 624 tu
575 576 679 641 suscipis
691 591 770 625 annos

140 650 276 716 Socration,
286 654 406 718 Cornuto,
418 658 484 706 sinu.
515 657 583 706 Tum
594 656 681 707 fallere
692 655 778 707 sollers

139 735 266 799 Apposita
275 736 381 786 intortos
391 737 506 787 extendit
515 737 604 803 regula
614 753 704 797 mores,

138 814 172 865 Et
181 817 305 880 premitur
315 820 413 867 ratione
423 820 531 880 enimus,
539 820 655 883 vincique
665 818 771 878 luborat,

138 896 321 961 Anidoemque
331 905 375 947 tuo
382 898 455 948 ducit
465 898 513 947 sub
522 897 612 964 pollice
622 898 726 948 vultum.

139 977 232 1026 Tecum
242 979 335 1028 etenim
345 978 433 1044 longos
443 980 545 1029 memini
556 994 701 1029 consumere
713 979 785 1040 soles,

138 1057 171 1107 Et
182 1066 265 1108 tecum
276 1060 371 1124 primas
380 1059 462 1125 epulis
471 1060 603 1125 decerpere
612 1069 712 1124 noetes3

138 1139 224 1189 Unum
234 1156 306 1206 opus,
316 1150 343 1191 et
353 1143 465 1206 requiem
475 1143 570 1206 pariter
580 1142 733 1208 disponimus
744 1142 825 1202 ambo,

138 1222 225 1287 Atque
235 1222 374 1289 verecunde
384 1222 500 1273 mamus
510 1225 575 1274 seria
585 1239 679 1274 mensa.

137 1302 195 1353 Non
205 1303 322 1368 equidem
333 1304 380 1353 hoc
390 1302 496 1365 dubites,
507 1305 636 1354 amborum
649 1304 747 1354 loedere
757 1312 825 1354 certo

138 1382 286 1435 Consentire
295 1384 357 1445 dies,
367 1393 394 1434 er
404 1385 436 1434 ab
446 1401 497 1434 uno
508 1384 589 1435 sidere
599 1384 673 1450 duci5

138 1466 233 1517 Nostra
244 1466 284 1517 vel
295 1467 395 1531 aequali
406 1466 535 1532 suspendit
545 1474 657 1532 tempora
667 1466 745 1516 Libra

138 1547 218 1599 Parca
226 1555 304 1598 tenax
313 1549 375 1609 veri,
386 1563 430 1598 seu
440 1555 501 1598 nata
511 1547 626 1597 fidelibus
637 1547 700 1597 hora

138 1629 236 1679 Dividit
246 1630 274 1678 in
287 1629 407 1679 Geminos
417 1629 550 1683 concordis
560 1629 614 1679 ista
624 1629 739 1689 duorum,

139 1711 324 1776 Saturnumque
334 1726 437 1777 gravem
448 1719 534 1761 nostro
545 1711 604 1761 Iove
615 1711 756 1776 frangimus
766 1727 831 1761 una:

139 1790 229 1841 Nescio
245 1792 326 1857 quod„
338 1799 405 1842 uerte
422 1801 476 1862 est,k
486 1791 553 1856 quod
568 1807 609 1841 me
625 1792 671 1842 tibi
687 1800 818 1858 temperat,

235 1881 375 1925 astrum.-

137 1954 175 2005 At
184 1963 210 2004 te
220 1955 349 2005 nocturnis
361 1956 430 2005 iuvat
440 1955 610 2021 impallescere
622 1955 732 2005 chartis:

137 2036 225 2086 Cultor
234 2038 301 2086 enim
312 2037 429 2086 iuvenum
439 2044 560 2102 purgatas
572 2038 660 2086 inseris
671 2051 744 2086 aures

138 2114 372 2183 Frugecleanthea.
398 2115 546 2167 Petitehinc
555 2116 707 2179 iuvenesque
719 2130 839 2179 senesque

138 2196 225 2246 Finem
236 2198 320 2247 anino
330 2204 435 2258 certum,
446 2198 592 2262 miserisque
603 2197 695 2247 viatica
705 2198 783 2246 canis.

138 2278 219 2330 ‘Cras
234 2278 283 2328 hoo
299 2278 463 2329 fiet.'—Idem
478 2294 535 2329 cras
550 2278 642 2328 πῖθι-4
651 2278 728 2339 Quid,
744 2279 817 2342 quasi

233 2375 361 2425 magnum,

139 2439 233 2506 Nempe
245 2440 311 2490 diem
322 2440 400 2490 donas
407 2438 512 2489 ?’-Sed
519 2455 576 2490 oum
586 2439 632 2488 lux
642 2439 721 2489 altera
732 2441 807 2500 venit,

138 2520 191 2572 lam
201 2537 257 2572 oras
267 2521 412 2571 hesternum
423 2522 620 2585 consumsimus3
636 2536 693 2570 ecoe
703 2520 772 2571 uliud
780 2536 836 2571 oras

140 2603 225 2670 Egerit
235 2602 282 2653 hos
293 2618 380 2662 annos,
390 2609 416 2652 et
427 2618 526 2667 semper
536 2602 639 2668 paulum
650 2603 699 2651 erit
707 2602 782 2653 ultra.

140 2682 204 2733 Nam
214 2685 330 2749 quamvis
339 2698 415 2749 prope
426 2690 460 2743 io,
470 2685 584 2747 quamvis
595 2689 693 2732 temone
704 2683 751 2733 sub
762 2699 812 2735 uno

143 2763 286 2815 vertentem
297 2763 457 2839 sesegrustra
468 2764 731 2833 sectaberepanthum,
746 2792 751 2802 -

141 2844 201 2895 Cum
212 2854 269 2896 rota
281 2846 405 2911 posterior
414 2861 509 2906 cumas,
520 2852 546 2893 et
556 2845 583 2893 in
593 2859 642 2893 axe
652 2845 768 2896 seeundo.

477 2930 529 2978 sas.
540 2941 567 2976 r.
579 2941 603 2976 v.
617 2929 706 2991 ati-513
724 2930 804 2977 (sa-72.
