2320 3590
374 440 577 484 Venerunt.
793 454 836 500 117

132 533 231 599 Quique
241 536 279 601 pii
291 541 364 585 vetes
375 542 401 585 ot
411 534 513 586 Phoebo
524 536 603 602 digno
612 536 699 598 loouti,

130 614 246 665 Inventas
257 623 303 665 eut
314 616 360 680 qui
368 617 446 666 vitem
457 616 590 667 exooluere
602 632 648 681 per
658 616 730 675 ertio

132 693 229 761 Quique
240 698 280 747 sui
290 712 413 747 memores
424 697 486 747 elios
496 698 577 746 fecere
588 696 722 761 merend03

133 775 252 827 Omnibus
262 778 304 828 his
315 778 390 828 nivea
400 780 537 844 cinguntur
547 785 661 843 tempore
672 777 743 827 vitto.

651 875 673 908 v.
686 861 803 909 odi-665.

393 986 395 991 ¹
457 1015 512 1052 xor.

379 1124 476 1177 Animo
489 1121 595 1175 Mundi.

131 1590 238 1655 Spiritus
248 1593 317 1641 intus
326 1591 380 1651 elit,
391 1598 518 1656 totumque
528 1589 613 1639 infirse
624 1603 669 1655 per
679 1596 750 1639 artus

131 1669 204 1720 Mens
215 1672 297 1737 agitat
306 1672 397 1721 molem
407 1678 433 1722 et
443 1687 536 1738 magno
549 1686 574 1720 oe
585 1686 688 1736 corpore
698 1671 793 1720 misoet

130 1751 191 1802 Inde
206 1753 337 1802 hominum
352 1752 524 1819 pecudumque
540 1767 620 1819 genus
635 1752 750 1816 vitaeque
766 1767 808 1800 vo-

227 1835 325 1884 lantum

132 1913 164 1964 ln
173 1930 240 1979 quoe
250 1931 390 1965 marmoreo
401 1915 451 1965 fert
461 1923 574 1965 monstra
584 1914 631 1964 sub
642 1928 749 1979 aequore
759 1928 819 1978 pon·

227 2003 278 2047 tus.

130 2075 223 2142 Igneus
234 2086 273 2126 est
284 2076 341 2125 ollio
351 2077 424 2141 vigor
434 2084 461 2126 et
472 2076 585 2125 caelestis
596 2077 668 2141 origo

130 2156 281 2216 Seminibus,
293 2165 415 2223 quantum
425 2173 476 2207 non
486 2157 565 2206 noxia
575 2171 681 2222 corpore
691 2156 792 2205 tardent

130 2238 286 2303 Terrenique
296 2239 416 2288 hebetent
427 2244 498 2287 ortuo
507 2236 704 2302 moribundaque
711 2235 831 2285 membro.

129 2320 196 2371 Hinc
205 2329 324 2370 metuunt
333 2321 495 2385 cupiuntque,
508 2318 593 2368 dolent
602 2317 770 2383 gaudentque,
780 2331 822 2365 ne·

226 2418 276 2466 que
287 2418 364 2452 nurus
457 2410 459 2415 '

128 2484 273 2549 Dispioinnt
282 2483 382 2533 clausae
392 2481 502 2532 tenebris
512 2489 538 2530 ot
547 2495 646 2531 currere
657 2495 737 2529 ooeoo.

130 2563 197 2625 Quin
206 2573 234 2616 et
245 2579 363 2630 supremo
373 2579 430 2613 oum
440 2563 534 2612 lumine
544 2563 597 2612 vito
607 2560 719 2623 reliquit,

129 2644 185 2694 Non
191 2653 279 2695 temen
285 2660 359 2694 omne
365 2643 459 2693 melum
468 2643 566 2693 miserie
575 2657 621 2690 neo
628 2640 741 2690 funditus
748 2656 832 2690 omnes

129 2726 269 2793 corporeae
280 2725 406 2776 excedunt
416 2730 509 2790 pestes,
516 2724 667 2790 ponitusque
678 2738 777 2772 neeesse
786 2728 825 2772 est

130 2808 211 2860 Multo
221 2809 265 2858 diu
276 2814 394 2857 nonoreta
405 2806 485 2856 modio
496 2805 630 2856 inoleroere
641 2804 720 2853 miris.

130 2891 196 2958 Ergo
205 2897 358 2942 exornentur
369 2890 465 2953 poenis,
474 2895 635 2951 veterumque
645 2885 766 2935 melorum
