2320 3590
129 1105 145 1155 *g
160 1131 173 1152 α
185 1107 233 1153 'm
842 1165 845 1173 ·

127 1137 238 1227 ldffssjl
264 1177 345 1240 Vera,
368 1181 467 1249 inquit3
494 1203 575 1253 neque
594 1208 634 1241 me
656 1195 778 1263 Argolioa
796 1206 828 1254 de

220 1265 297 1321 genle
308 1262 421 1328 negab03

123 1336 176 1386 Hoc
187 1341 314 1404 primum3
332 1358 386 1404 neo,
398 1347 421 1394 si
431 1348 550 1414 miserum
561 1352 675 1406 Fortuna
687 1360 803 1416 Sinonem

120 1416 216 1481 Finxit,
227 1436 321 1470 vanum
332 1425 409 1474 eliam
420 1430 615 1498 mendacemque
625 1439 730 1504 inprobe
740 1446 825 1515 finget.

119 1497 206 1549 Fando
217 1502 319 1567 aliquod
330 1508 352 1554 si
363 1506 428 1557 forie
439 1517 496 1560 tuas
507 1519 661 1579 pervenitad
673 1526 760 1590 auris3

119 1578 222 1631 Belidae
233 1598 324 1632 nomen
334 1585 476 1640 Palamedis
487 1602 513 1643 et
523 1596 618 1648 incluta
629 1603 696 1653 fama

119 1658 215 1724 Gloria,
226 1678 302 1726 quem
313 1665 377 1716 falsa
388 1670 435 1718 sub
445 1675 586 1736 proditione
599 1681 697 1751 Pelasgi

117 1741 245 1792 insontem
257 1745 361 1796 infando
372 1751 473 1816 indicio,
485 1757 544 1817 quia
555 1758 620 1811 bella
630 1768 739 1831 vetabat,

115 1822 245 1873 Demisere
255 1828 320 1890 neoi,
329 1844 396 1879 nuno
407 1848 504 1885 cassum
515 1838 608 1890 lumine
620 1843 706 1911 lugent
717 1872 723 1901 ς
806 1856 812 1869 “

114 1901 155 1951 Illi
166 1919 207 1953 me
218 1907 334 1958 oomiiem
346 1918 372 1960 et
382 1919 597 1981 consanguinitate
608 1931 776 1995 propinquum
836 1951 844 1962 ¹

113 1983 214 2050 Pauper
223 1988 250 2036 in
260 2003 332 2039 arma
341 2001 413 2056 pater
424 1998 511 2060 primis
521 2000 571 2051 huo
581 2007 649 2056 misit
660 2010 692 2058 ab
702 2018 781 2066 annis.

111 2064 178 2114 Dum
190 2068 274 2118 stabat
285 2084 364 2137 regno
375 2075 505 2129 incolumis
515 2097 652 2151 regumque
667 2094 767 2158 vigebat

110 2144 236 2200 Consiliis.
248 2157 274 2199 et
284 2167 329 2201 nos
340 2154 443 2218 aliquod
453 2175 591 2229 nomenque
602 2168 726 2238 decusque

110 2225 248 2282 Gessimus.
281 2233 379 2284 Invidia
387 2245 519 2304 postquam
530 2247 632 2310 pellacis
643 2252 747 2306 Ulixi—

109 2307 184 2358 Haud
194 2313 282 2376 ignota
292 2314 511 2385 loquor—superis
520 2333 641 2381 concessit
651 2335 684 2384 ab
694 2341 745 2390 oris

108 2389 233 2442 Adfliotus
244 2395 321 2444 vitam
333 2397 359 2444 in
370 2401 479 2452 tenebris
488 2404 607 2474 luctuque
618 2416 757 2485 trahebam,

107 2468 139 2519 nt
148 2487 233 2522 casum
246 2476 352 2527 insontis
363 2496 460 2530 mecum
471 2485 618 2553 indignabar
629 2499 709 2550 amici

106 2548 157 2602 Neo
167 2557 235 2604 laeui
246 2557 358 2621 demens,
370 2570 395 2611 el
405 2579 453 2623 me,
463 2566 515 2616 fors
526 2571 547 2618 si
558 2587 608 2635 qua
619 2577 723 2645 tulisset,

106 2630 130 2680 Si
140 2637 236 2698 patrios
247 2653 368 2704 nmquam
380 2659 528 2697 remeassem
539 2653 619 2704 vietor
628 2659 660 2707 ad
670 2662 764 2731 Argos,

105 2711 209 2767 Promisi
220 2719 339 2785 ultorem,
349 2731 377 2772 et
386 2726 468 2778 verbis
478 2730 535 2781 odie
546 2749 634 2799 aspera
645 2746 717 2795 movi.

103 2792 165 2846 Hine
175 2799 238 2849 mihi
248 2802 333 2867 prima
342 2805 403 2855 mali
413 2807 490 2871 labes,
502 2812 560 2862 hinc
571 2831 668 2883 semper
679 2823 767 2879 Ulixes

99 2872 247 2932 Criminibus
258 2889 356 2934 terrere
367 2889 447 2951 novis,
458 2890 515 2941 hino
527 2909 644 2963 spargere
654 2919 726 2957 voees

447 2985 466 3019 n
