2320 3590
328 397 372 444 168
466 389 702 433 ANTHOLOGIA
730 386 877 430 ΜΤΙΝΑ.

390 485 481 549 Siquos
492 484 552 533 Eois
563 483 678 533 intonata
688 480 806 530 fluetibus

424 565 529 629 Hiemps
540 563 574 613 ed
584 562 633 612 hoe
644 570 725 615 vertet
736 577 822 625 mure3

394 647 449 695 Non
463 645 529 695 Afra
539 645 593 693 avis
603 643 737 693 desoendnt
746 644 773 691 in
782 648 898 692 ventrem
907 654 993 698 meum,

426 725 485 776 Non
495 733 597 791 attagen
607 725 707 777 Ionicus

393 807 527 856 Iuoundior
537 821 612 871 quum
623 805 688 854 leeta
699 804 729 853 de
739 804 909 868 pinguissimis

427 888 500 936 Olive
510 889 587 937 remis
598 879 724 948 arborum,

394 971 450 1018 Aut
461 969 540 1018 herbe
551 968 646 1033 lapathi
657 974 731 1032 preto
741 968 849 1016 ementis
859 972 886 1017 et
897 967 967 1032 grnvi

427 1050 527 1098 Malvee
538 1049 650 1098 salubres
660 1049 767 1112 corpori,

395 1131 445 1181 Vel
456 1146 522 1195 agne
531 1130 601 1181 festis
610 1144 684 1179 oeese
693 1128 877 1189 terminalibus,

430 1213 478 1261 Vel
489 1212 584 1260 haedus
594 1219 695 1276 ereptus
705 1211 774 1274 lupo.

397 1295 451 1343 Hes
460 1295 526 1345 inter
536 1292 623 1357 epulus
631 1300 661 1341 ut
671 1292 741 1340 iuvet
750 1298 836 1356 postne
846 1305 906 1341 oves

430 1376 523 1424 Videre
534 1382 696 1439 properantes
704 1372 814 1433 domum,
870 1390 872 1393 ’

397 1457 491 1505 Videre
502 1457 579 1504 fessos
590 1470 715 1503 vomerem
726 1455 852 1502 inversum
862 1453 938 1503 boves

430 1537 500 1588 Collo
511 1536 637 1586 trahentes
647 1535 776 1599 languido,

398 1619 545 1682 Positosque
554 1633 650 1673 vernus,
662 1617 720 1665 ditis
731 1631 837 1664 examen
847 1615 944 1674 domus,
991 1672 994 1675 ¹

433 1700 533 1748 Circum
544 1698 685 1747 renidentes
693 1696 789 1745 Lares)

399 1782 467 1830 Haec
478 1781 522 1829 ubi
532 1780 629 1828 loeutus
640 1779 764 1827 fenerator
776 1777 871 1840 Alfius,
956 1794 958 1799 ’

430 1862 485 1910 Iam
497 1862 547 1909 iam
556 1860 656 1909 futurus
667 1861 782 1920 rusticus,

401 1944 506 1992 Omnem
516 1941 614 2006 redegit
625 1940 706 1989 idibus
716 1940 855 2004 pecuniam,

431 2023 535 2083 Quaerit
546 2022 657 2072 kalendis
667 2036 766 2086 ponere.

637 2206 724 2245 cmv.

585 2299 633 2353 Ad
644 2302 757 2354 Amicos.

335 2406 597 2649 QOERIDA
607 2433 740 2491 tempestus
752 2426 849 2475 eoelum
859 2431 998 2493 contruxit,⁴
1003 2436 1027 2477 et

524 2507 616 2556 imbres

335 2578 367 2649 L
475 2589 602 2653 Nivesque
611 2588 737 2637 deducunt
748 2587 833 2637 Iovem
844 2610 851 2640 e
868 2606 934 2640 nune
944 2605 1019 2649 mere,

528 2687 594 2720 nuno
605 2670 683 2719 siluae

335 2752 451 2802 Threicio
460 2752 588 2816 Aquilone
598 2759 702 2801 sonante
720 2753 856 2817 rapiemus,
868 2753 952 2814 nmini,

368 2834 527 2883 Occasionem
537 2834 568 2882 de
579 2833 627 2895 dio,
638 2833 746 2897 dumque
757 2834 839 2882 virent
850 2849 935 2899 genua
