2310 3592
317 391 362 429 202
461 371 697 418 ANTHOLOGIA
722 373 867 417 LA‘HNA.

347 468 400 518 Nee
410 484 489 526 mora,
502 468 595 517 vocalia
605 474 709 533 oeeupat
718 482 777 517 ense
786 483 868 517 sanes.

315 550 405 600 Omnia
414 550 568 614 praebebant
578 565 691 607 somnos:
702 548 752 599 sed
760 549 875 615 Iuppiter
885 566 951 599 unns

348 628 466 678 Decrevit
476 629 562 693 poenis
573 621 795 689 invigilaretuis.5

314 709 463 759 Prodiderat
473 716 609 774 portaeque
619 708 694 777 fidem
704 710 861 773 patriamque
872 710 998 769 iacentem,

350 790 514 857 Nubendique
524 791 596 854 petit,
607 805 681 852 quem
691 788 752 837 velit
762 790 824 854 ipsa,
834 788 909 839 diem.

317 870 355 922 At
371 871 572 934 Tatius-neque
590 872 657 918 enim
677 869 763 920 sceleri
786 869 854 919 dedit
873 868 953 919 hostia

390 993 392 999 .
414 953 565 1015 honorem-
670 997 678 1006 ,
707 1002 711 1007 ,
936 1010 940 1015 ,

350 1033 457 1096 ‘Nube,'
468 1035 512 1091 ait,
523 1034 565 1080 ‘et
575 1033 648 1098 regni
659 1031 748 1082 scande
759 1031 841 1080 cubile
851 1033 921 1082 mei)

319 1114 400 1173 Dixit,
410 1115 549 1180 etingestis
558 1114 676 1162 uomitum
684 1113 845 1176 superobruit
856 1114 942 1162 armis.

352 1196 430 1265 Haeo,
441 1194 521 1259 virgo,
531 1193 619 1242 officiis
628 1193 674 1242 dos
684 1200 739 1242 erat
749 1200 809 1257 apta
819 1194 878 1255 tuis.

318 1277 345 1326 A
356 1277 418 1326 duee
429 1275 536 1340 Tarpeio
547 1291 618 1324 mons
628 1283 667 1324 est
675 1289 813 1338 cognomen
823 1274 938 1339 adeptus.

257 1398 261 1405 ,
352 1358 375 1407 Ο
385 1356 455 1423 vigil,
466 1357 572 1406 iniustae
581 1356 694 1420 praemia
704 1357 779 1404 sortis
789 1354 874 1404 habes.
921 1412 923 1417 Ι
1008 1380 1010 1389 1

878 1440 944 1500 Eley.
955 1437 987 1484 iv.

620 1564 720 1602 oxavn.

487 1650 532 1703 De
539 1667 632 1721 pugna
643 1624 755 1744 Aqtiaeo
764 1647 859 1702 navali.

331 1749 442 1871 Q&
456 1764 707 1829 ACRAfaeitvates3
720 1763 1020 1821 sinterafaventiaaaeris,

333 1809 445 1939 «ἄξω
505 1848 539 1896 Et
549 1846 622 1896 eadat
632 1854 690 1895 ante
699 1862 766 1895 meos
777 1847 827 1895 ieta
835 1847 940 1901 iuvenca
949 1846 1018 1894 focos

333 1888 447 1978 &dd
472 1925 1020 1991 CeraniletaeiseertetRomanaeorymbis,

355 2012 389 2062 Et
400 2011 543 2078 Cyrenaeas
556 2025 619 2057 urna
628 2010 755 2061 ministret
765 2024 851 2074 aquaa

324 2094 429 2145 Castum
440 2092 513 2142 molle
525 2092 582 2140 date
592 2098 618 2140 et
627 2090 712 2140 blandi
722 2091 783 2139 mibi
795 2090 859 2140 turis
870 2090 983 2145 bonores,

356 2173 456 2237 Terque
466 2172 549 2219 focum
559 2171 626 2218 eirca
635 2169 723 2218 laneus
732 2169 801 2218 orbis
811 2176 859 2218 eat.

324 2255 441 2321 Spargite
451 2269 491 2301 me
501 2251 621 2317 lymphis,
633 2266 783 2314 carmenque
794 2250 935 2300 reoentibns
944 2251 992 2298 aris

357 2336 431 2393 Tibia
441 2333 587 2400 Mygdoniis
598 2332 660 2382 libet
670 2332 766 2381 eburna
775 2331 851 2381 cadis.

325 2420 364 2469 Ite
374 2417 460 2485 procul
471 2417 587 2466 fraudes!
607 2414 657 2462 alio
669 2415 720 2463 sint
730 2429 788 2463 aare
799 2428 896 2463 noxae:

358 2496 427 2544 Pura
437 2509 528 2543 novum
538 2493 591 2540 vati
600 2492 687 2547 laurea
697 2491 778 2555 mollit
788 2492 843 2540 iter.

326 2579 410 2640 Musa,
422 2577 531 2627 Palatini
540 2574 677 2623 referemus
688 2572 815 2638 Apollinis
826 2572 926 2622 aedem:

347 2659 410 2730 'Res
420 2666 467 2721 est,
478 2657 598 2720 Calliope,
609 2655 685 2719 digna
696 2654 780 2703 favore
792 2663 843 2703 tuo.

326 2741 441 2793 Caesaris
450 2741 477 2789 in
487 2754 577 2788 nomen
587 2737 712 2785 ducuntur
723 2737 848 2785 earmina:
866 2733 958 2784 Caesar

359 2822 427 2871 Dum
438 2823 545 2882 canitur,
557 2835 658 2884 quaeso,
670 2819 785 2884 Iuppiter
795 2818 848 2882 ipse
859 2832 938 2866 vaces.

1137 528 1142 567 l
