<?xml version="1.0" encoding="UTF-8"?>
<!DOCTYPE html PUBLIC "-//W3C//DTD XHTML 1.0 Transitional//EN"
    "http://www.w3.org/TR/xhtml1/DTD/xhtml1-transitional.dtd">
<html xmlns="http://www.w3.org/1999/xhtml" xml:lang="en" lang="en">
 <head>
  <title>
</title>
<meta http-equiv="Content-Type" content="text/html;charset=utf-8" />
  <meta name='ocr-system' content='tesseract 3.04.00' />
  <meta name='ocr-capabilities' content='ocr_page ocr_carea ocr_par ocr_line ocrx_word'/>
</head>
<body>
  <div class='ocr_page' id='page_1' title='image "./anthologialatin02thacgoog_0255.png"; bbox 0 0 2310 3592; ppageno 0'>
   <div class='ocr_carea' id='block_1_1' title="bbox 339 399 885 462">
    <p class='ocr_par' dir='ltr' id='par_1_1' title="bbox 339 399 885 462">
     <span class='ocr_line' id='line_1_1' title="bbox 339 399 885 462; baseline -0.016 -11"><span class='ocrx_word' id='word_1_1' title='bbox 339 417 386 462; x_wconf 81' lang='lat'><strong>230</strong></span> <span class='ocrx_word' id='word_1_2' title='bbox 483 399 717 443; x_wconf 73' lang='lat' dir='ltr'><strong>ANTHotools</strong></span> <span class='ocrx_word' id='word_1_3' title='bbox 738 400 885 442; x_wconf 67' lang='lat' dir='ltr'><strong>namu.</strong></span> 
     </span>
    </p>
   </div>
   <div class='ocr_carea' id='block_1_2' title="bbox 336 494 1042 2911">
    <p class='ocr_par' dir='ltr' id='par_1_2' title="bbox 336 494 907 638">
     <span class='ocr_line' id='line_1_2' title="bbox 336 494 898 561; baseline 0 -17"><span class='ocrx_word' id='word_1_4' title='bbox 336 495 375 544; x_wconf 89' lang='lat' dir='ltr'><strong>Ne</strong></span> <span class='ocrx_word' id='word_1_5' title='bbox 385 494 458 544; x_wconf 85' lang='lat' dir='ltr'><strong>refer.</strong></span> <span class='ocrx_word' id='word_1_6' title='bbox 491 495 589 560; x_wconf 85' lang='lat' dir='ltr'><strong>Aspexi</strong></span> <span class='ocrx_word' id='word_1_7' title='bbox 598 510 649 545; x_wconf 91' lang='lat' dir='ltr'><strong>non</strong></span> <span class='ocrx_word' id='word_1_8' title='bbox 659 494 701 544; x_wconf 88' lang='lat' dir='ltr'><strong>illo</strong></span> <span class='ocrx_word' id='word_1_9' title='bbox 711 503 810 560; x_wconf 76' lang='lat' dir='ltr'>pectore</span> <span class='ocrx_word' id='word_1_10' title='bbox 821 495 898 561; x_wconf 82' lang='lat' dir='ltr'><strong>digna</strong></span> 
     </span>
     <span class='ocr_line' id='line_1_3' title="bbox 369 574 907 638; baseline 0.002 -14"><span class='ocrx_word' id='word_1_11' title='bbox 369 575 488 638; x_wconf 85' lang='lat' dir='ltr'><strong>Volnera,</strong></span> <span class='ocrx_word' id='word_1_12' title='bbox 499 574 635 626; x_wconf 86' lang='lat' dir='ltr'><strong>Tartareas</strong></span> <span class='ocrx_word' id='word_1_13' title='bbox 645 590 721 625; x_wconf 86' lang='lat' dir='ltr'><strong>ausus</strong></span> <span class='ocrx_word' id='word_1_14' title='bbox 731 576 801 625; x_wconf 89' lang='lat' dir='ltr'><strong>adire</strong></span> <span class='ocrx_word' id='word_1_15' title='bbox 811 576 907 625; x_wconf 85' lang='lat' dir='ltr'><strong>domos.</strong></span> 
     </span>
    </p>

    <p class='ocr_par' dir='ltr' id='par_1_3' title="bbox 336 658 878 800">
     <span class='ocr_line' id='line_1_4' title="bbox 336 658 866 723; baseline 0.002 -17"><span class='ocrx_word' id='word_1_16' title='bbox 336 658 375 707; x_wconf 87' lang='lat' dir='ltr'><strong>At</strong></span> <span class='ocrx_word' id='word_1_17' title='bbox 385 666 422 720; x_wconf 86' lang='lat' dir='ltr'><strong>tu,</strong></span> <span class='ocrx_word' id='word_1_18' title='bbox 433 673 477 707; x_wconf 87' lang='lat' dir='ltr'><strong>sen</strong></span> <span class='ocrx_word' id='word_1_19' title='bbox 487 659 552 707; x_wconf 87' lang='lat' dir='ltr'><strong>ratio</strong></span> <span class='ocrx_word' id='word_1_20' title='bbox 560 663 585 707; x_wconf 90' lang='lat' dir='ltr'><strong>te</strong></span> <span class='ocrx_word' id='word_1_21' title='bbox 595 659 687 708; x_wconf 86' lang='lat' dir='ltr'><strong>nostris</strong></span> <span class='ocrx_word' id='word_1_22' title='bbox 697 658 795 723; x_wconf 77' lang='lat' dir='ltr'><strong>appulit</strong></span> <span class='ocrx_word' id='word_1_23' title='bbox 805 658 866 720; x_wconf 88' lang='lat' dir='ltr'><strong>oris,</strong></span> 
     </span>
     <span class='ocr_line' id='line_1_5' title="bbox 369 734 878 800; baseline -0.002 -16"><span class='ocrx_word' id='word_1_24' title='bbox 369 734 425 784; x_wconf 88' lang='lat' dir='ltr'><strong>Sive</strong></span> <span class='ocrx_word' id='word_1_25' title='bbox 435 734 505 793; x_wconf 86' lang='lat' dir='ltr'><strong>deus,</strong></span> <span class='ocrx_word' id='word_1_26' title='bbox 516 736 588 800; x_wconf 82' lang='lat' dir='ltr'><strong>regni</strong></span> <span class='ocrx_word' id='word_1_27' title='bbox 595 734 723 785; x_wconf 85' lang='lat' dir='ltr'><strong>eommoda</strong></span> <span class='ocrx_word' id='word_1_28' title='bbox 734 750 809 800; x_wconf 83' lang='lat' dir='ltr'><strong>carpe</strong></span> <span class='ocrx_word' id='word_1_29' title='bbox 819 736 878 784; x_wconf 71' lang='lat' dir='ltr'><strong>mei‘</strong></span> 
     </span>
    </p>

    <p class='ocr_par' dir='ltr' id='par_1_4' title="bbox 338 814 962 963">
     <span class='ocr_line' id='line_1_6' title="bbox 338 814 962 876; baseline 0 -12"><span class='ocrx_word' id='word_1_30' title='bbox 338 814 419 864; x_wconf 85' lang='lat' dir='ltr'><strong>Multa</strong></span> <span class='ocrx_word' id='word_1_31' title='bbox 429 815 475 865; x_wconf 91' lang='lat' dir='ltr'><strong>tibi</strong></span> <span class='ocrx_word' id='word_1_32' title='bbox 484 831 613 876; x_wconf 75' lang='lat' dir='ltr'><strong>memores,</strong></span> <span class='ocrx_word' id='word_1_33' title='bbox 624 814 661 864; x_wconf 88' lang='lat' dir='ltr'><strong>nil</strong></span> <span class='ocrx_word' id='word_1_34' title='bbox 669 831 719 864; x_wconf 90' lang='lat' dir='ltr'><strong>non</strong></span> <span class='ocrx_word' id='word_1_35' title='bbox 730 815 849 864; x_wconf 88' lang='lat' dir='ltr'><strong>debemus</strong></span> <span class='ocrx_word' id='word_1_36' title='bbox 858 815 962 865; x_wconf 85' lang='lat' dir='ltr'><strong>Elissae.</strong></span> 
     </span>
     <span class='ocr_line' id='line_1_7' title="bbox 370 896 899 963; baseline 0.002 -18"><span class='ocrx_word' id='word_1_37' title='bbox 370 896 477 946; x_wconf 83' lang='lat' dir='ltr'>Nomine</span> <span class='ocrx_word' id='word_1_38' title='bbox 487 903 561 961; x_wconf 82' lang='lat' dir='ltr'><strong>grata</strong></span> <span class='ocrx_word' id='word_1_39' title='bbox 570 904 623 960; x_wconf 88' lang='lat' dir='ltr'><strong>tuo,</strong></span> <span class='ocrx_word' id='word_1_40' title='bbox 633 904 707 963; x_wconf 84' lang='lat' dir='ltr'><strong>grata</strong></span> <span class='ocrx_word' id='word_1_41' title='bbox 717 898 820 961; x_wconf 85' lang='lat' dir='ltr'><strong>sororis,</strong></span> <span class='ocrx_word' id='word_1_42' title='bbox 828 898 899 946; x_wconf 89' lang='lat' dir='ltr'><strong>eris.&#39;</strong></span> 
     </span>
    </p>

    <p class='ocr_par' dir='ltr' id='par_1_5' title="bbox 337 977 985 1125">
     <span class='ocr_line' id='line_1_8' title="bbox 337 977 985 1043; baseline 0.002 -16"><span class='ocrx_word' id='word_1_43' title='bbox 337 977 410 1027; x_wconf 86' lang='lat' dir='ltr'><strong>Talia</strong></span> <span class='ocrx_word' id='word_1_44' title='bbox 419 977 630 1043; x_wconf 77' lang='lat' dir='ltr'><strong>dicenti-neque</strong></span> <span class='ocrx_word' id='word_1_45' title='bbox 640 980 706 1027; x_wconf 88' lang='lat' dir='ltr'><strong>enim</strong></span> <span class='ocrx_word' id='word_1_46' title='bbox 716 994 773 1043; x_wconf 90' lang='lat' dir='ltr'><strong>spes</strong></span> <span class='ocrx_word' id='word_1_47' title='bbox 784 978 865 1028; x_wconf 83' lang='lat' dir='ltr'><strong>altera</strong></span> <span class='ocrx_word' id='word_1_48' title='bbox 874 985 985 1029; x_wconf 81' lang='lat' dir='ltr'><strong>restat-</strong></span> 
     </span>
     <span class='ocr_line' id='line_1_9' title="bbox 369 1059 849 1125; baseline -0.002 -15"><span class='ocrx_word' id='word_1_49' title='bbox 369 1059 491 1117; x_wconf 76' lang='lat' dir='ltr'>Credidit,</span> <span class='ocrx_word' id='word_1_50' title='bbox 500 1075 598 1109; x_wconf 88' lang='lat' dir='ltr'><strong>errores</strong></span> <span class='ocrx_word' id='word_1_51' title='bbox 607 1060 773 1125; x_wconf 82' lang='lat' dir='ltr'><strong>exposuitque</strong></span> <span class='ocrx_word' id='word_1_52' title='bbox 783 1075 849 1109; x_wconf 80' lang='lat' dir='ltr'><strong>snos</strong></span> 
     </span>
    </p>

    <p class='ocr_par' dir='ltr' id='par_1_6' title="bbox 338 1141 975 1288">
     <span class='ocr_line' id='line_1_10' title="bbox 338 1141 975 1208; baseline 0.002 -17"><span class='ocrx_word' id='word_1_53' title='bbox 338 1141 424 1207; x_wconf 86' lang='lat' dir='ltr'><strong>thue</strong></span> <span class='ocrx_word' id='word_1_54' title='bbox 434 1142 535 1191; x_wconf 87' lang='lat' dir='ltr'><strong>domum</strong></span> <span class='ocrx_word' id='word_1_55' title='bbox 546 1142 648 1191; x_wconf 83' lang='lat' dir='ltr'><strong>intrarit</strong></span> <span class='ocrx_word' id='word_1_56' title='bbox 658 1141 751 1206; x_wconf 87' lang='lat' dir='ltr'><strong>Tyrios</strong></span> <span class='ocrx_word' id='word_1_57' title='bbox 761 1141 852 1191; x_wconf 87' lang='lat' dir='ltr'><strong>induta</strong></span> <span class='ocrx_word' id='word_1_58' title='bbox 863 1150 975 1208; x_wconf 87' lang='lat' dir='ltr'><strong>paratus,</strong></span> 
     </span>
     <span class='ocr_line' id='line_1_11' title="bbox 369 1222 843 1288; baseline -0.002 -16"><span class='ocrx_word' id='word_1_59' title='bbox 369 1222 461 1288; x_wconf 78' lang='lat' dir='ltr'><strong>Incipit</strong></span> <span class='ocrx_word' id='word_1_60' title='bbox 471 1223 585 1273; x_wconf 81' lang='lat' dir='ltr'><strong>Aeneas:</strong></span> <span class='ocrx_word' id='word_1_61' title='bbox 601 1229 683 1272; x_wconf 74' lang='lat' dir='ltr'><strong>cetera</strong></span> <span class='ocrx_word' id='word_1_62' title='bbox 694 1222 768 1271; x_wconf 90' lang='lat' dir='ltr'><strong>turba</strong></span> <span class='ocrx_word' id='word_1_63' title='bbox 778 1222 843 1272; x_wconf 80' lang='lat' dir='ltr'><strong>silet</strong></span> 
     </span>
    </p>

    <p class='ocr_par' dir='ltr' id='par_1_7' title="bbox 337 1303 1036 1452">
     <span class='ocr_line' id='line_1_12' title="bbox 337 1303 1036 1368; baseline 0 -16"><span class='ocrx_word' id='word_1_64' title='bbox 337 1310 344 1333; x_wconf 83' lang='lat'>⁴</span> <span class='ocrx_word' id='word_1_65' title='bbox 354 1303 427 1353; x_wconf 88' lang='lat' dir='ltr'><strong>Hane</strong></span> <span class='ocrx_word' id='word_1_66' title='bbox 436 1303 482 1353; x_wconf 89' lang='lat' dir='ltr'><strong>tibi</strong></span> <span class='ocrx_word' id='word_1_67' title='bbox 493 1319 538 1353; x_wconf 86' lang='lat' dir='ltr'><strong>eur</strong></span> <span class='ocrx_word' id='word_1_68' title='bbox 548 1303 655 1365; x_wconf 88' lang='lat' dir='ltr'><strong>tradam,</strong></span> <span class='ocrx_word' id='word_1_69' title='bbox 663 1303 705 1368; x_wconf 85' lang='lat' dir='ltr'><strong>pia</strong></span> <span class='ocrx_word' id='word_1_70' title='bbox 714 1318 799 1366; x_wconf 85' lang='lat' dir='ltr'><strong>causa,</strong></span> <span class='ocrx_word' id='word_1_71' title='bbox 809 1303 919 1354; x_wconf 85' lang='lat' dir='ltr'><strong>Lavinia</strong></span> <span class='ocrx_word' id='word_1_72' title='bbox 924 1306 1036 1364; x_wconf 84' lang='lat' dir='ltr'><strong>eoninnx,</strong></span> 
     </span>
     <span class='ocr_line' id='line_1_13' title="bbox 371 1383 975 1452; baseline 0.003 -19"><span class='ocrx_word' id='word_1_73' title='bbox 371 1385 417 1434; x_wconf 85' lang='lat' dir='ltr'><strong>Est</strong></span> <span class='ocrx_word' id='word_1_74' title='bbox 426 1384 488 1433; x_wconf 87' lang='lat' dir='ltr'><strong>mihi</strong></span> <span class='ocrx_word' id='word_1_75' title='bbox 499 1404 505 1434; x_wconf 89' lang='lat'><strong>:</strong></span> <span class='ocrx_word' id='word_1_76' title='bbox 523 1384 662 1449; x_wconf 75' lang='lat' dir='ltr'>consumpsi</span> <span class='ocrx_word' id='word_1_77' title='bbox 672 1383 810 1450; x_wconf 81' lang='lat' dir='ltr'><strong>naufragus</strong></span> <span class='ocrx_word' id='word_1_78' title='bbox 820 1385 897 1435; x_wconf 89' lang='lat' dir='ltr'><strong>huius</strong></span> <span class='ocrx_word' id='word_1_79' title='bbox 908 1401 975 1452; x_wconf 87' lang='lat' dir='ltr'><strong>opes.</strong></span> 
     </span>
    </p>

    <p class='ocr_par' dir='ltr' id='par_1_8' title="bbox 340 1464 993 1612">
     <span class='ocr_line' id='line_1_14' title="bbox 340 1464 993 1532; baseline -0.002 -16"><span class='ocrx_word' id='word_1_80' title='bbox 340 1467 403 1516; x_wconf 85' lang='lat' dir='ltr'><strong>Orta</strong></span> <span class='ocrx_word' id='word_1_81' title='bbox 414 1466 483 1532; x_wconf 83' lang='lat' dir='ltr'><strong>Tyro</strong></span> <span class='ocrx_word' id='word_1_82' title='bbox 494 1474 541 1528; x_wconf 84' lang='lat' dir='ltr'><strong>est,</strong></span> <span class='ocrx_word' id='word_1_83' title='bbox 551 1481 655 1532; x_wconf 84' lang='lat' dir='ltr'><strong>regnum</strong></span> <span class='ocrx_word' id='word_1_84' title='bbox 666 1464 763 1531; x_wconf 81' lang='lat' dir='ltr'><strong>Libyca</strong></span> <span class='ocrx_word' id='word_1_85' title='bbox 772 1466 885 1530; x_wconf 72' lang='lat' dir='ltr'>possedit</span> <span class='ocrx_word' id='word_1_86' title='bbox 895 1469 922 1516; x_wconf 91' lang='lat' dir='ltr'><strong>in</strong></span> <span class='ocrx_word' id='word_1_87' title='bbox 933 1482 993 1517; x_wconf 86' lang='lat' dir='ltr'><strong>ora:</strong></span> 
     </span>
     <span class='ocr_line' id='line_1_15' title="bbox 372 1547 950 1612; baseline 0.003 -16"><span class='ocrx_word' id='word_1_88' title='bbox 372 1547 455 1608; x_wconf 81' lang='lat' dir='ltr'><strong>Quam</strong></span> <span class='ocrx_word' id='word_1_89' title='bbox 462 1563 550 1612; x_wconf 80' lang='lat' dir='ltr'>precor</span> <span class='ocrx_word' id='word_1_90' title='bbox 560 1554 590 1595; x_wconf 84' lang='lat' dir='ltr'><strong>ut</strong></span> <span class='ocrx_word' id='word_1_91' title='bbox 599 1562 671 1595; x_wconf 81' lang='lat' dir='ltr'><strong>esrae</strong></span> <span class='ocrx_word' id='word_1_92' title='bbox 682 1562 750 1595; x_wconf 90' lang='lat' dir='ltr'><strong>more</strong></span> <span class='ocrx_word' id='word_1_93' title='bbox 761 1547 855 1596; x_wconf 86' lang='lat' dir='ltr'><strong>sororis</strong></span> <span class='ocrx_word' id='word_1_94' title='bbox 865 1549 950 1599; x_wconf 76' lang='lat' dir='ltr'><strong>amea’</strong></span> 
     </span>
    </p>

    <p class='ocr_par' dir='ltr' id='par_1_9' title="bbox 340 1626 977 1773">
     <span class='ocr_line' id='line_1_16' title="bbox 340 1626 942 1693; baseline 0.002 -15"><span class='ocrx_word' id='word_1_95' title='bbox 340 1628 430 1678; x_wconf 89' lang='lat' dir='ltr'><strong>Omnia</strong></span> <span class='ocrx_word' id='word_1_96' title='bbox 438 1629 569 1693; x_wconf 85' lang='lat' dir='ltr'><strong>promittit,</strong></span> <span class='ocrx_word' id='word_1_97' title='bbox 579 1627 718 1692; x_wconf 83' lang='lat' dir='ltr'><strong>falsumque</strong></span> <span class='ocrx_word' id='word_1_98' title='bbox 729 1626 838 1677; x_wconf 79' lang='lat' dir='ltr'><strong>lavinia</strong></span> <span class='ocrx_word' id='word_1_99' title='bbox 848 1628 942 1679; x_wconf 86' lang='lat' dir='ltr'><strong>vulnus</strong></span> 
     </span>
     <span class='ocr_line' id='line_1_17' title="bbox 371 1708 977 1773; baseline 0.002 -14"><span class='ocrx_word' id='word_1_100' title='bbox 371 1710 457 1759; x_wconf 85' lang='lat' dir='ltr'><strong>Mente</strong></span> <span class='ocrx_word' id='word_1_101' title='bbox 467 1710 558 1773; x_wconf 86' lang='lat' dir='ltr'><strong>premit</strong></span> <span class='ocrx_word' id='word_1_102' title='bbox 568 1710 651 1765; x_wconf 73' lang='lat' dir='ltr'><strong>tacita,</strong></span> <span class='ocrx_word' id='word_1_103' title='bbox 661 1708 850 1773; x_wconf 75' lang='lat' dir='ltr'><strong>dissimulatque</strong></span> <span class='ocrx_word' id='word_1_104' title='bbox 860 1709 977 1761; x_wconf 83' lang='lat' dir='ltr'><strong>fremens</strong></span> 
     </span>
    </p>

    <p class='ocr_par' dir='ltr' id='par_1_10' title="bbox 341 1790 999 1939">
     <span class='ocr_line' id='line_1_18' title="bbox 341 1790 967 1857; baseline -0.003 -15"><span class='ocrx_word' id='word_1_105' title='bbox 341 1794 462 1857; x_wconf 75' lang='lat' dir='ltr'><strong>Donaque</strong></span> <span class='ocrx_word' id='word_1_106' title='bbox 472 1807 529 1841; x_wconf 84' lang='lat' dir='ltr'><strong>eum</strong></span> <span class='ocrx_word' id='word_1_107' title='bbox 539 1791 621 1840; x_wconf 85' lang='lat' dir='ltr'><strong>rideat</strong></span> <span class='ocrx_word' id='word_1_108' title='bbox 632 1796 730 1856; x_wconf 83' lang='lat' dir='ltr'><strong>praeter</strong></span> <span class='ocrx_word' id='word_1_109' title='bbox 741 1805 787 1839; x_wconf 87' lang='lat' dir='ltr'><strong>sua</strong></span> <span class='ocrx_word' id='word_1_110' title='bbox 796 1790 894 1840; x_wconf 88' lang='lat' dir='ltr'><strong>lumina</strong></span> <span class='ocrx_word' id='word_1_111' title='bbox 905 1791 967 1840; x_wconf 84' lang='lat' dir='ltr'><strong>ferri</strong></span> 
     </span>
     <span class='ocr_line' id='line_1_19' title="bbox 373 1871 999 1939; baseline -0.005 -16"><span class='ocrx_word' id='word_1_112' title='bbox 373 1874 456 1923; x_wconf 87' lang='lat' dir='ltr'><strong>Multa</strong></span> <span class='ocrx_word' id='word_1_113' title='bbox 465 1872 557 1939; x_wconf 84' lang='lat' dir='ltr'><strong>palam,</strong></span> <span class='ocrx_word' id='word_1_114' title='bbox 568 1873 634 1921; x_wconf 84' lang='lat' dir='ltr'><strong>mitti</strong></span> <span class='ocrx_word' id='word_1_115' title='bbox 646 1872 710 1921; x_wconf 81' lang='lat' dir='ltr'><strong>elem</strong></span> <span class='ocrx_word' id='word_1_116' title='bbox 721 1886 820 1936; x_wconf 89' lang='lat' dir='ltr'><strong>quoque</strong></span> <span class='ocrx_word' id='word_1_117' title='bbox 831 1871 914 1921; x_wconf 89' lang='lat' dir='ltr'><strong>multa</strong></span> <span class='ocrx_word' id='word_1_118' title='bbox 922 1879 999 1937; x_wconf 83' lang='lat' dir='ltr'><strong>putat</strong></span> 
     </span>
    </p>

    <p class='ocr_par' dir='ltr' id='par_1_11' title="bbox 341 1951 1010 2100">
     <span class='ocr_line' id='line_1_20' title="bbox 341 1951 1010 2017; baseline -0.003 -14"><span class='ocrx_word' id='word_1_119' title='bbox 341 1955 398 2004; x_wconf 85' lang='lat' dir='ltr'><strong>Non</strong></span> <span class='ocrx_word' id='word_1_120' title='bbox 408 1954 484 2004; x_wconf 89' lang='lat' dir='ltr'><strong>habet</strong></span> <span class='ocrx_word' id='word_1_121' title='bbox 494 1960 619 2016; x_wconf 83' lang='lat' dir='ltr'><strong>exactum,</strong></span> <span class='ocrx_word' id='word_1_122' title='bbox 630 1952 691 2016; x_wconf 92' lang='lat' dir='ltr'><strong>quid</strong></span> <span class='ocrx_word' id='word_1_123' title='bbox 701 1958 768 2017; x_wconf 85' lang='lat' dir='ltr'><strong>agat.</strong></span> <span class='ocrx_word' id='word_1_124' title='bbox 801 1951 943 2003; x_wconf 78' lang='lat' dir='ltr'><strong>Furialiter</strong></span> <span class='ocrx_word' id='word_1_125' title='bbox 951 1952 1010 2014; x_wconf 90' lang='lat' dir='ltr'><strong>odit,</strong></span> 
     </span>
     <span class='ocr_line' id='line_1_21' title="bbox 373 2032 870 2100; baseline -0.008 -15"><span class='ocrx_word' id='word_1_126' title='bbox 373 2037 406 2085; x_wconf 83' lang='lat' dir='ltr'><strong>Et</strong></span> <span class='ocrx_word' id='word_1_127' title='bbox 417 2043 489 2100; x_wconf 86' lang='lat' dir='ltr'><strong>parat</strong></span> <span class='ocrx_word' id='word_1_128' title='bbox 499 2035 610 2096; x_wconf 83' lang='lat' dir='ltr'><strong>insidias,</strong></span> <span class='ocrx_word' id='word_1_129' title='bbox 620 2044 646 2083; x_wconf 90' lang='lat' dir='ltr'><strong>et</strong></span> <span class='ocrx_word' id='word_1_130' title='bbox 656 2034 725 2098; x_wconf 85' lang='lat' dir='ltr'><strong>cupit</strong></span> <span class='ocrx_word' id='word_1_131' title='bbox 736 2032 790 2083; x_wconf 86' lang='lat' dir='ltr'><strong>ulta</strong></span> <span class='ocrx_word' id='word_1_132' title='bbox 798 2033 870 2082; x_wconf 86' lang='lat' dir='ltr'><strong>mori.</strong></span> 
     </span>
    </p>

    <p class='ocr_par' dir='ltr' id='par_1_12' title="bbox 341 2114 995 2276">
     <span class='ocr_line' id='line_1_22' title="bbox 341 2114 995 2167; baseline -0.006 0"><span class='ocrx_word' id='word_1_133' title='bbox 341 2117 399 2167; x_wconf 85' lang='lat' dir='ltr'><strong>Nox</strong></span> <span class='ocrx_word' id='word_1_134' title='bbox 410 2124 473 2166; x_wconf 83' lang='lat' dir='ltr'><strong>erat.</strong></span> <span class='ocrx_word' id='word_1_135' title='bbox 507 2115 576 2165; x_wconf 85' lang='lat' dir='ltr'><strong>Ante</strong></span> <span class='ocrx_word' id='word_1_136' title='bbox 587 2123 669 2165; x_wconf 88' lang='lat' dir='ltr'><strong>torum</strong></span> <span class='ocrx_word' id='word_1_137' title='bbox 679 2114 733 2163; x_wconf 84' lang='lat' dir='ltr'><strong>visa</strong></span> <span class='ocrx_word' id='word_1_138' title='bbox 743 2123 782 2163; x_wconf 88' lang='lat' dir='ltr'><strong>est</strong></span> <span class='ocrx_word' id='word_1_139' title='bbox 792 2114 894 2163; x_wconf 87' lang='lat' dir='ltr'><strong>adstare</strong></span> <span class='ocrx_word' id='word_1_140' title='bbox 906 2116 995 2164; x_wconf 86' lang='lat' dir='ltr'><strong>sororis</strong></span> 
     </span>
     <span class='ocr_line' id='line_1_23' title="bbox 375 2195 872 2276; baseline -0.008 -29"><span class='ocrx_word' id='word_1_141' title='bbox 375 2198 504 2264; x_wconf 75' lang='lat' dir='ltr'><strong>squalenti</strong></span> <span class='ocrx_word' id='word_1_142' title='bbox 515 2197 581 2246; x_wconf 89' lang='lat' dir='ltr'><strong>Dido</strong></span> <span class='ocrx_word' id='word_1_143' title='bbox 592 2195 782 2276; x_wconf 55' lang='lat' dir='ltr'><strong>sanguirmlenta</strong></span> <span class='ocrx_word' id='word_1_144' title='bbox 791 2211 872 2258; x_wconf 83' lang='lat' dir='ltr'><strong>coma,</strong></span> 
     </span>
    </p>

    <p class='ocr_par' dir='ltr' id='par_1_13' title="bbox 341 2276 1042 2424">
     <span class='ocr_line' id='line_1_24' title="bbox 341 2276 1042 2345; baseline -0.003 -16"><span class='ocrx_word' id='word_1_145' title='bbox 341 2281 375 2329; x_wconf 85' lang='lat' dir='ltr'><strong>Et</strong></span> <span class='ocrx_word' id='word_1_146' title='bbox 384 2280 466 2345; x_wconf 82' lang='lat' dir='ltr'><strong>‘Fuge</strong></span> <span class='ocrx_word' id='word_1_147' title='bbox 476 2295 507 2328; x_wconf 88' lang='lat' dir='ltr'><strong>ne</strong></span> <span class='ocrx_word' id='word_1_148' title='bbox 514 2277 822 2342; x_wconf 80' lang='lat' dir='ltr'><strong>dubita,maestum,fuge’</strong></span> <span class='ocrx_word' id='word_1_149' title='bbox 830 2276 1042 2328; x_wconf 58' lang='lat' dir='ltr'><strong>dicere‘teetumss</strong></span> 
     </span>
     <span class='ocr_line' id='line_1_25' title="bbox 374 2357 938 2424; baseline -0.005 -14"><span class='ocrx_word' id='word_1_150' title='bbox 374 2361 427 2410; x_wconf 91' lang='lat' dir='ltr'><strong>Sub</strong></span> <span class='ocrx_word' id='word_1_151' title='bbox 437 2360 539 2410; x_wconf 88' lang='lat' dir='ltr'><strong>verbum</strong></span> <span class='ocrx_word' id='word_1_152' title='bbox 550 2359 667 2424; x_wconf 89' lang='lat' dir='ltr'><strong>querulas</strong></span> <span class='ocrx_word' id='word_1_153' title='bbox 679 2358 780 2423; x_wconf 88' lang='lat' dir='ltr'><strong>impulit</strong></span> <span class='ocrx_word' id='word_1_154' title='bbox 789 2373 853 2408; x_wconf 87' lang='lat' dir='ltr'><strong>aura</strong></span> <span class='ocrx_word' id='word_1_155' title='bbox 864 2357 938 2408; x_wconf 83' lang='lat' dir='ltr'><strong>fores</strong></span> 
     </span>
    </p>

    <p class='ocr_par' dir='ltr' id='par_1_14' title="bbox 341 2438 930 2582">
     <span class='ocr_line' id='line_1_26' title="bbox 341 2438 930 2504; baseline -0.007 -12"><span class='ocrx_word' id='word_1_156' title='bbox 341 2442 430 2503; x_wconf 78' lang='lat' dir='ltr'><strong>Exilii,</strong></span> <span class='ocrx_word' id='word_1_157' title='bbox 440 2450 466 2491; x_wconf 87' lang='lat' dir='ltr'><strong>et</strong></span> <span class='ocrx_word' id='word_1_158' title='bbox 475 2441 549 2490; x_wconf 81' lang='lat' dir='ltr'><strong>velox</strong></span> <span class='ocrx_word' id='word_1_159' title='bbox 560 2439 648 2489; x_wconf 89' lang='lat' dir='ltr'><strong>humili</strong></span> <span class='ocrx_word' id='word_1_160' title='bbox 660 2455 736 2504; x_wconf 89' lang='lat' dir='ltr'><strong>super</strong></span> <span class='ocrx_word' id='word_1_161' title='bbox 746 2454 808 2488; x_wconf 86' lang='lat' dir='ltr'><strong>arva</strong></span> <span class='ocrx_word' id='word_1_162' title='bbox 818 2438 930 2489; x_wconf 79' lang='lat' dir='ltr'><strong>fenestra</strong></span> 
     </span>
     <span class='ocr_line' id='line_1_27' title="bbox 374 2517 888 2582; baseline -0.006 -11"><span class='ocrx_word' id='word_1_163' title='bbox 374 2520 406 2571; x_wconf 88' lang='lat' dir='ltr'><strong>Se</strong></span> <span class='ocrx_word' id='word_1_164' title='bbox 417 2521 476 2570; x_wconf 83' lang='lat' dir='ltr'><strong>iacit</strong></span> <span class='ocrx_word' id='word_1_165' title='bbox 487 2540 494 2570; x_wconf 73' lang='grc' dir='ltr'><em>ε</em></span> <span class='ocrx_word' id='word_1_166' title='bbox 509 2518 628 2568; x_wconf 85' lang='lat' dir='ltr'><strong>audacem</strong></span> <span class='ocrx_word' id='word_1_167' title='bbox 637 2518 730 2568; x_wconf 78' lang='lat' dir='ltr'><strong>federat</strong></span> <span class='ocrx_word' id='word_1_168' title='bbox 739 2518 792 2582; x_wconf 86' lang='lat' dir='ltr'><strong>ipse</strong></span> <span class='ocrx_word' id='word_1_169' title='bbox 803 2517 888 2568; x_wconf 85' lang='lat' dir='ltr'><strong>timor.</strong></span> 
     </span>
    </p>

    <p class='ocr_par' dir='ltr' id='par_1_15' title="bbox 342 2597 950 2745">
     <span class='ocr_line' id='line_1_28' title="bbox 342 2597 950 2668; baseline -0.007 -15"><span class='ocrx_word' id='word_1_170' title='bbox 342 2604 447 2668; x_wconf 81' lang='lat' dir='ltr'><strong>Quaque</strong></span> <span class='ocrx_word' id='word_1_171' title='bbox 455 2610 524 2651; x_wconf 83' lang='lat' dir='ltr'><strong>metu</strong></span> <span class='ocrx_word' id='word_1_172' title='bbox 533 2602 638 2665; x_wconf 86' lang='lat' dir='ltr'><strong>rapitur,</strong></span> <span class='ocrx_word' id='word_1_173' title='bbox 650 2600 735 2662; x_wconf 77' lang='lat' dir='ltr'><strong>tunice</strong></span> <span class='ocrx_word' id='word_1_174' title='bbox 744 2597 827 2648; x_wconf 86' lang='lat' dir='ltr'><strong>velata</strong></span> <span class='ocrx_word' id='word_1_175' title='bbox 837 2600 950 2649; x_wconf 80' lang='lat' dir='ltr'><strong>recincta</strong></span> 
     </span>
     <span class='ocr_line' id='line_1_29' title="bbox 374 2679 881 2745; baseline -0.01 -10"><span class='ocrx_word' id='word_1_176' title='bbox 374 2684 470 2745; x_wconf 83' lang='lat' dir='ltr'><strong>Currit,</strong></span> <span class='ocrx_word' id='word_1_177' title='bbox 481 2688 509 2730; x_wconf 90' lang='lat' dir='ltr'><strong>ut</strong></span> <span class='ocrx_word' id='word_1_178' title='bbox 520 2681 612 2731; x_wconf 86' lang='lat' dir='ltr'><strong>auditis</strong></span> <span class='ocrx_word' id='word_1_179' title='bbox 623 2681 713 2730; x_wconf 87' lang='lat' dir='ltr'><strong>territa</strong></span> <span class='ocrx_word' id='word_1_180' title='bbox 723 2679 798 2729; x_wconf 92' lang='lat' dir='ltr'><strong>dama</strong></span> <span class='ocrx_word' id='word_1_181' title='bbox 808 2680 881 2745; x_wconf 88' lang='lat' dir='ltr'><strong>lupis.</strong></span> 
     </span>
    </p>

    <p class='ocr_par' dir='ltr' id='par_1_16' title="bbox 341 2760 989 2911">
     <span class='ocr_line' id='line_1_30' title="bbox 341 2760 989 2830; baseline -0.008 -15"><span class='ocrx_word' id='word_1_182' title='bbox 341 2764 462 2830; x_wconf 83' lang='lat' dir='ltr'><strong>Corniger</strong></span> <span class='ocrx_word' id='word_1_183' title='bbox 473 2763 537 2812; x_wconf 87' lang='lat' dir='ltr'><strong>hane</strong></span> <span class='ocrx_word' id='word_1_184' title='bbox 547 2761 643 2826; x_wconf 83' lang='lat' dir='ltr'><strong>cupidis</strong></span> <span class='ocrx_word' id='word_1_185' title='bbox 652 2762 764 2826; x_wconf 76' lang='lat' dir='ltr'><strong>rapuisse</strong></span> <span class='ocrx_word' id='word_1_186' title='bbox 775 2760 908 2812; x_wconf 83' lang='lat' dir='ltr'><strong>Numicius</strong></span> <span class='ocrx_word' id='word_1_187' title='bbox 916 2761 989 2811; x_wconf 88' lang='lat' dir='ltr'><strong>undis</strong></span> 
     </span>
     <span class='ocr_line' id='line_1_31' title="bbox 374 2841 861 2911; baseline -0.006 -14"><span class='ocrx_word' id='word_1_188' title='bbox 374 2845 499 2908; x_wconf 85' lang='lat' dir='ltr'><strong>Creditur,</strong></span> <span class='ocrx_word' id='word_1_189' title='bbox 510 2851 535 2895; x_wconf 92' lang='lat' dir='ltr'><strong>et</strong></span> <span class='ocrx_word' id='word_1_190' title='bbox 546 2845 642 2911; x_wconf 83' lang='lat' dir='ltr'><strong>stagnis</strong></span> <span class='ocrx_word' id='word_1_191' title='bbox 651 2841 787 2894; x_wconf 78' lang='lat' dir='ltr'><strong>occuluisse</strong></span> <span class='ocrx_word' id='word_1_192' title='bbox 799 2844 861 2895; x_wconf 85' lang='lat' dir='ltr'><strong>suis.</strong></span> 
     </span>
    </p>
   </div>
   <div class='ocr_carea' id='block_1_3' title="bbox 0 0 1171 3592">
    <p class='ocr_par' dir='ltr' id='par_1_17' title="bbox 0 0 1171 3592">
     <span class='ocr_line' id='line_1_32' title="bbox 0 0 1171 3592; baseline 0 0"><span class='ocrx_word' id='word_1_193' title='bbox 0 0 1171 3592; x_wconf 95' lang='lat' dir='ltr'><strong> </strong></span> 
     </span>
    </p>
   </div>
  </div>
 </body>
</html>
