2360 3598
310 399 340 444 3²
455 380 684 425 stimulosa
709 382 752 423 Ins
759 381 850 423 TINA.

310 477 348 523 At
358 482 436 523 mater
445 474 530 522 viridis
540 474 618 523 saltus
628 475 714 523 orbata
724 489 860 539 peragrans

311 555 395 603 Nescit
405 554 473 602 humi
482 553 585 618 pedibus
595 555 699 618 vestigia
708 568 794 617 pressa
803 552 911 616 bisulcis,

310 635 399 683 Omnia
408 634 533 682 convisens
544 632 619 681 oeulis
628 633 682 681 lues
692 634 712 681 si
723 639 797 696 quest
807 646 910 696 usquam

309 715 456 778 Conspiuere
466 714 581 761 amissum
591 713 676 770 fetum,
686 713 838 776 completque
849 710 964 775 querellis

308 793 480 842 Frondiferum
490 807 576 840 nemus
586 792 706 854 absistens
716 799 742 839 et
752 791 838 839 crebra
848 790 933 839 reuisit

309 874 351 922 Ad
361 872 483 922 stabulum
495 872 615 920 desiderio
626 872 721 936 perfixa
732 872 836 932 iuvenci,

308 954 361 1002 Nee
372 962 469 1001 tenerae
481 952 565 1000 salices
576 958 649 1014 atque
660 951 749 998 herbae
759 966 814 998 rore
825 952 933 1015 vigentes

308 1032 470 1095 Fluminaque
480 1031 523 1079 illa
534 1037 627 1095 queunt
637 1032 738 1078 summis
750 1030 855 1079 labentia
866 1031 926 1094 ripis

308 1111 436 1159 Obleetsre
446 1112 555 1158 animum
566 1109 719 1173 subitamque
729 1116 839 1158 avertere
848 1125 941 1170 curam,

308 1190 360 1238 Nee
370 1190 501 1238 vitulorum
512 1189 573 1237 aliae
584 1190 675 1253 speeies
685 1204 731 1253 per
737 1188 827 1252 pabula
836 1189 902 1237 laeta

309 1270 426 1317 llerivure
437 1276 532 1331 queunt
542 1269 650 1327 animum
661 1283 768 1330 curaque
779 1268 872 1317 levare:

306 1347 392 1411 Usque
403 1348 463 1396 adeo
473 1347 588 1411 quiddam
600 1349 726 1411 proprium
736 1354 870 1411 notumque
881 1348 994 1411 requirit.

845 1444 867 1475 v.
879 1431 993 1476 ssa-366.

607 1637 692 1673 xxvn.

508 1754 610 1807 Semina
621 1771 674 1807 esse
686 1753 791 1823 infinita.

311 1875 423 2002 ’ἑῶν
429 1897 477 1946 ΕΙ)
495 1899 566 1960 quasi
582 1897 718 1961 naufragiis
733 1897 830 1962 mugnis
845 1896 977 1961 multisque

382 1966 400 1997 '²⁴
412 1983 422 2003 ³
507 1977 596 2025 coortis

310 1954 422 2106 &3th
441 2056 496 2105 Disi

321 2082 349 2105 aq

497 2063 577 2104 estare
593 2054 655 2104 solet
669 2069 786 2118 magnum
802 2070 869 2103 mare
884 2061 992 2105 transtra

399 2134 510 2202 guberua

305 2216 443 2282 Antemqas
452 2229 550 2277 proram
561 2213 639 2262 malos
649 2221 779 2277 tonsasque
788 2215 904 2275 natantis,

305 2294 355 2343 Per
364 2301 486 2363 terrarum
496 2294 574 2341 omnis
585 2308 640 2340 orus
650 2292 771 2341 fluitantia
781 2292 890 2355 aplustrq

305 2374 341 2423 Ut
351 2373 481 2421 videantur
491 2379 516 2421 et
526 2372 641 2420 iudicium
653 2372 797 2421 mortalibus
806 2372 888 2433 edant,

304 2454 378 2502 Infidi
388 2454 463 2501 maris
473 2452 573 2501 insidias
583 2452 690 2516 virisque
700 2451 831 2515 dolumque

304 2533 341 2582 Ut
352 2535 428 2582 vitare
437 2531 523 2589 velint,
532 2546 593 2578 neve
603 2531 653 2579 ullo
663 2539 772 2594 tempore
782 2529 884 2579 credant

304 2612 411 2662 Subdola
420 2611 549 2682 uum-ridet
557 2610 646 2674 placidi
654 2611 756 2674 pellaua
764 2611 841 2675 penti,

304 2692 344 2742 sio
353 2694 399 2742 tibi
409 2694 430 2741 si
440 2693 509 2740 finita
519 2690 593 2739 semel
602 2689 736 2755 primur-ilia
743 2689 862 2753 quaedum

303 2771 450 2838 Constitqes
461 2786 544 2820 sevum
556 2771 677 2820 debebunt
687 2784 771 2834 sparsa
781 2784 824 2832 per
835 2782 930 2816 omnem
