2360 3598
326 400 358 442 40
473 382 702 425 ANTHOLOGIA
724 383 867 426 LATINA.

326 472 399 522 Unde
408 475 478 537 prius
488 473 550 523 nulli
559 474 664 523 velarint
675 481 787 538 tempora
796 491 896 540 mueae3

326 551 437 600 Primum
448 553 514 616 quod
524 555 619 618 magnis
631 553 706 602 doceo
716 553 747 602 de
757 554 831 603 rebus
840 561 866 603 et
876 556 939 604 artis

326 631 482 696 Religionum
492 634 602 682 animum
613 634 683 682 nodis
694 634 820 683 exsolvere
830 650 914 700 pergo,

325 711 422 761 Deinde
433 712 499 775 quod
508 712 612 761 obscura
622 713 653 761 de
663 729 690 762 re
702 721 752 763 tam
761 714 843 763 lucida
852 731 933 780 pange

326 792 451 850 Carmina,
462 808 561 842 musaeo
571 794 715 857 contingens
724 800 812 843 cuneta
822 795 913 858 lepore.

324 872 355 920 Id
366 887 463 938 qnoque
473 874 540 922 enim
550 889 600 922 non
611 873 643 922 ab
653 873 722 922 inulla
732 874 828 923 ratione
839 874 949 939 videtur3

325 951 392 1000 Nam
404 952 481 1001 veluti
490 953 574 1017 pueris
584 953 708 1021 absinthii
718 960 800 1002 taetra
806 953 929 1019 medentes

324 1031 388 1080 Cum
398 1031 457 1080 dare
467 1039 597 1094 conantur,
608 1034 678 1096 prins
688 1048 745 1082 cras
754 1032 843 1097 poeula
852 1034 944 1082 circum

324 1110 477 1176 contingunt
489 1111 569 1160 mellis
579 1111 646 1160 dulci
656 1111 768 1176 flavoque
778 1112 883 1177 liquore,

324 1189 361 1239 Ut
369 1206 501 1254 puerorum
511 1199 581 1239 aetas
592 1191 720 1255 inprovida
730 1191 870 1241 ludificetur

323 1268 460 1319 Labi-crum
471 1277 551 1331 tenus,
562 1272 657 1320 interea
666 1278 780 1335 perpotet
790 1287 901 1321 amarum

323 1350 444 1399 Absinthi
453 1350 551 1414 laticem
561 1350 711 1415 deceptaque
722 1366 773 1399 nen
782 1352 903 1416 capiatur,

324 1429 372 1478 Sed
381 1431 463 1494 petius
474 1429 519 1478 tali
529 1438 601 1494 pacto
612 1437 723 1478 recreata
733 1431 849 1492 valescat,

323 1506 364 1556 Sic
370 1523 416 1573 ege
424 1524 498 1566 nunc,
504 1510 620 1572 quoniam
627 1508 688 1558 haec
695 1510 760 1559 ratic
767 1510 911 1576 plerumque
917 1511 1015 1561 videtur

322 1587 429 1636 Tristior
438 1603 491 1636 esse
502 1588 592 1652 quibus
602 1596 700 1638 nonest
710 1597 825 1648 tractata,
835 1600 954 1656 retroque

323 1667 420 1733 Volgus
430 1669 549 1717 abhorret
558 1668 590 1717 ab
600 1669 657 1729 hac,
668 1670 734 1718 volui
745 1671 792 1719 tibi
802 1671 982 1735 suaviloquenti

321 1746 435 1796 Carmine
445 1747 528 1796 Pierio
538 1751 658 1798 rationem
667 1765 790 1815 exponere
800 1760 908 1800 nostram

320 1826 354 1875 Et
365 1828 437 1890 quasi
446 1843 545 1877 musaeo
555 1828 620 1877 dulci
630 1830 772 1894 contingere
783 1831 862 1887 melle,

320 1906 348 1954 si
358 1907 404 1955 tibi
414 1907 477 1956 ferte
488 1910 597 1956 animum
607 1908 650 1957 tali
661 1911 755 1958 ratione
766 1917 849 1959 tenere

320 1986 442 2036 Versibus
453 1988 479 2035 in
488 1989 580 2037 nostris
589 2004 693 2052 possem,
704 1989 762 2038 dum
772 1991 879 2055 percipis
888 2006 985 2040 omnem

319 2065 440 2114 Naturam
451 2082 534 2117 rerum
545 2083 575 2117 ac
584 2070 704 2132 persentis
715 2070 855 2120 utilitatem.

912 2166 935 2199 v.
949 2156 1012 2201 lat.

613 2299 711 2334 xxxrn.

615 2406 711 2460 Nubes.
785 2447 792 2457 Ι

324 2531 334 2550 ”
347 2576 354 2591 .
367 2537 402 2613 (a
414 2532 421 2596 ,Ῐ
447 2546 495 2594 ΕΙ)
504 2547 689 2612 neforteputes
700 2547 835 2597 eudemum
846 2548 898 2597 sela
908 2552 1003 2614 vagari,

391 2611 436 2699 ζ’·
462 2624 637 2690 Quaecumque
647 2628 679 2677 ab
690 2629 766 2677 rebus
775 2644 860 2678 rerum
870 2629 1002 2679 simulacra

368 2733 384 2750 .-
411 2700 437 2749 ⁴,
541 2706 668 2763 recedunt,

321 2782 385 2832 Sunt
395 2786 471 2834 etiam
481 2800 544 2848 quae
555 2794 639 2849 sponte
651 2801 695 2834 sua
706 2787 842 2852 gignuntur
853 2796 879 2836 et
888 2788 942 2852 ipse
