2304 3590
316 379 364 424 324
462 365 699 406 ANTHOLOGIA
726 366 870 406 LATINA.

345 457 408 508 Cras
419 466 485 507 amet
495 460 538 523 qui
549 475 678 524 nunquam
690 461 791 522 amavit,
803 461 898 525 quique
909 461 996 508 amavit

410 555 467 588 eras
478 547 554 589 amet.

350 620 410 684 Ipsa
422 621 504 678 iussit,
513 636 586 668 mane
596 627 663 669 totae
675 622 783 685 virgines
794 623 890 670 nubant
899 637 981 671 rosae:

345 699 423 749 Facta
434 701 552 766 Cypridis
563 701 593 749 de
605 717 695 750 eruore
706 701 785 765 deque
796 702 900 751 Amoris
910 702 995 751 osouiis

347 782 436 847 Deque
453 783 557 846 gemmis
573 783 653 846 deque
669 782 776 831 flammis
793 783 873 847 deque
890 782 947 831 solis
956 797 1010 846 pur-

410 866 488 927 puris.

349 943 414 992 Cras
425 945 551 1007 ruborem,
563 946 607 1010 qui
618 944 712 993 latebat
723 952 792 994 veste
802 952 883 994 tectus
894 946 973 1010 ignea,

346 1024 427 1074 Unico
437 1034 496 1075 noto
506 1029 597 1074 marita
607 1042 657 1074 non
668 1027 772 1091 pudebit
783 1026 885 1076 solvere.

313 1106 376 1155 Cras
393 1116 459 1155 amet
477 1110 521 1172 qui
539 1124 668 1172 nunquam
687 1110 790 1171 amavit,
804 1110 898 1172 quique
915 1108 1005 1156 amavit

411 1205 467 1236 oras
478 1196 551 1238 amet.

347 1270 405 1334 ipsa
417 1269 548 1335 Nymphas
560 1271 618 1320 diva
628 1271 684 1320 luco
695 1272 767 1320 iussit
778 1271 815 1320 ire
826 1277 936 1336 myrteo:

347 1350 372 1399 It
382 1366 445 1414 puer
455 1367 537 1399 eomes
548 1352 646 1416 puellis,
657 1367 704 1400 neo
714 1358 798 1400 tumen
807 1352 877 1400 credi
886 1360 967 1416 potest

349 1432 410 1480 Esse
420 1432 541 1480 Amorem
553 1433 679 1495 feriatum,
690 1434 711 1482 si
722 1434 828 1498 sagittas
838 1435 940 1483 vexerit.

347 1513 386 1563 lte
399 1514 544 1579 Nymphae:
562 1517 645 1579 posuit
655 1531 733 1572 arma,
744 1515 849 1564 feriatus
860 1524 897 1565 est
906 1516 995 1566 Amor:

349 1596 435 1645 Iussus
446 1605 484 1644 est
494 1598 595 1644 inermis
608 1598 652 1659 ire,
662 1596 744 1644 nudus
755 1598 793 1645 ire
803 1597 886 1645 iussus
896 1605 943 1659 est,

348 1677 405 1725 Neu
413 1678 473 1742 quid
481 1693 540 1726 arcu
549 1693 597 1726 neu
610 1679 702 1743 sagitta
709 1694 758 1727 neu
764 1679 823 1742 quid
834 1680 893 1744 igne
901 1680 1010 1729 laederet.

349 1758 398 1807 Sed
405 1767 489 1808 tamen
497 1759 632 1824 Nymphae
639 1768 731 1817 cavete,
738 1759 805 1823 quod
813 1759 911 1825 Cupido
917 1761 1012 1827 pulcher

412 1848 464 1890 est:
518 1853 520 1858 “

327 1985 329 1988 ⁴
350 1923 398 1972 Est
405 1924 430 1971 in
439 1925 516 1972 armis
526 1931 593 1972 totus
602 1923 676 1984 idem,
684 1922 784 1987 quando
795 1923 878 1972 nudus
884 1931 923 1974 est
930 1924 1011 1973 Amor.

315 2003 378 2054 Cras
394 2011 461 2053 amet
476 2006 519 2069 qui
535 2020 663 2069 nunquam
680 2006 781 2067 amavit,
798 2007 893 2069 quique
910 2007 997 2055 amavit

412 2102 468 2135 oras
480 2093 553 2135 amet.

349 2167 458 2233 Conpari
469 2168 557 2217 Venus
568 2168 663 2232 pudore
672 2169 750 2217 mittit
762 2167 793 2216 ad
804 2176 830 2217 te
841 2169 963 2234 virgines:

348 2249 407 2298 Una
417 2266 457 2298 res
468 2258 507 2298 est
516 2265 592 2313 quam
602 2265 733 2314 rogamus:
750 2250 810 2298 cede
821 2252 894 2314 virgo
904 2250 983 2305 Delia,

349 2331 386 2381 Ut
397 2347 483 2381 nemus
494 2332 527 2380 sit
538 2333 694 2380 incruentum
705 2331 737 2379 de
749 2331 837 2379 ferinis
848 2332 974 2397 stragibus
1010 2354 1014 2361 ⁴

348 2415 382 2462 Et
391 2415 532 2462 recentibus
542 2415 649 2462 virentes
660 2414 735 2462 duoat
745 2413 848 2463 umbras
858 2414 966 2463 floribus.

348 2495 434 2544 Vellet
445 2497 523 2560 ipsam
536 2505 560 2544 te
571 2511 668 2561 rogare,
677 2497 699 2544 si
710 2495 826 2561 pudicum
838 2496 961 2545 flecteret:

346 2580 406 2642 Ipsa
417 2578 490 2625 vellet
501 2585 529 2625 ut
539 2579 645 2637 venires,
658 2578 679 2625 si
689 2577 787 2626 deceret
797 2579 927 2643 virginem.

347 2660 401 2708 Iam
413 2660 493 2707 tribus
504 2658 593 2707 choros
603 2659 700 2707 videres
712 2659 815 2708 feriatos
827 2658 941 2708 noctibus

346 2741 490 2804 congreges
501 2741 566 2787 inter
576 2747 689 2788 catervas
701 2741 737 2788 ire
748 2756 794 2803 per
806 2740 885 2788 saltus
896 2746 961 2802 tuos,

346 2821 448 2869 Floreas
461 2822 525 2868 inter
535 2836 646 2883 coronas,
658 2831 768 2885 myrteos
780 2824 846 2871 inter
856 2837 933 2870 casas.
