2320 3590
334 422 378 477 148
476 415 711 460 Au‘rflouoela
737 415 885 461 LATINA.

427 509 533 561 Periura
543 526 669 577 pugnaees
679 510 791 562 Achivos

460 592 590 642 Hectoreis
601 593 689 658 opibus
700 593 825 660 refringit,

397 671 546 739 Nostrisque
557 673 659 724 duotum
671 675 832 725 seditionibus

396 753 495 803 Bellum
505 755 611 807 resedit:
628 757 742 821 protinus
753 762 779 805 et
789 757 872 822 gravis

430 837 486 886 Iras
496 844 522 886 et
532 838 641 887 invisum
651 844 775 902 nepotem,

461 915 552 965 Troica
563 931 637 980 quem
648 917 746 981 peperit
757 915 879 976 saoerdos,

399 995 478 1046 Marti
488 996 614 1047 redonabo
625 1015 631 1046 :
648 997 717 1046 illum
728 1013 776 1063 ego
786 996 880 1046 lucidas

399 1077 467 1127 Inire
477 1078 556 1140 sedes,
567 1077 657 1128 dooere
668 1079 777 1128 nectaris

432 1157 511 1208 Suoos
520 1167 547 1208 et
556 1158 664 1209 adscribi
676 1160 768 1224 quietis

463 1240 601 1290 Ordinibus
610 1240 693 1305 patiar
704 1239 816 1289 deorum.

400 1322 468 1369 Dum
479 1321 569 1387 longus
580 1323 646 1370 inter
657 1322 751 1371 saeviat
761 1320 826 1370 Ilion

401 1403 556 1467 Romamque
567 1410 666 1467 pontus,
678 1402 789 1467 qualibet
798 1402 895 1452 exsudes

432 1484 463 1532 In
473 1491 546 1548 purte
557 1491 678 1549 regnanto
687 1483 768 1548 beati3

465 1566 533 1614 Dum
545 1564 641 1613 Priami
651 1563 798 1630 Paridisque
808 1564 881 1614 busto

401 1645 509 1696 Insultet
519 1654 659 1695 armentum
669 1653 695 1695 et
704 1645 800 1695 catulos
810 1645 877 1695 ferae

402 1727 490 1776 Celent
500 1727 602 1785 inultae,
614 1734 663 1777 stet
674 1726 826 1792 Capitolium

433 1807 552 1874 Fulgore,
561 1807 771 1872 triumphatisque
781 1808 860 1871 possit

467 1889 547 1938 Roma
558 1888 630 1937 ferox
641 1888 701 1937 dare
712 1888 769 1936 iura
779 1886 869 1936 Medis.

402 1970 535 2020 Horrenda
545 1971 595 2019 late
606 1985 696 2018 nomen
707 1970 734 2017 in
744 1967 845 2018 ultimas

403 2051 530 2101 Extendat
541 2067 607 2108 oras,
618 2065 669 2115 qua
678 2050 775 2099 medius
785 2049 868 2114 liquor

437 2131 549 2182 Seoernit
559 2132 678 2196 Europen
687 2131 720 2180 ab
731 2129 807 2193 Afro,

469 2212 526 2274 Qua
535 2213 646 2262 tumidus
656 2213 724 2277 rigat
734 2226 795 2261 arva
806 2209 889 2266 Nilus.

404 2295 505 2344 Aurum
516 2296 670 2359 inrepertum
681 2301 708 2342 et
719 2294 755 2342 sio
766 2292 854 2342 melius
865 2293 949 2354 situm,

404 2375 469 2426 Cum
480 2385 548 2425 terra
558 2375 631 2437 oelat,
643 2389 760 2440 spernere
770 2374 860 2423 fortior

436 2456 519 2518 Quam
529 2472 618 2521 eogere
629 2456 750 2504 humanos
760 2456 787 2505 in
797 2471 858 2505 usus

469 2537 548 2587 Omne
560 2551 658 2586 suorum
667 2537 780 2600 rapiente
791 2536 887 2587 dextra.

406 2619 560 2684 Quicumque
572 2617 664 2667 mundo
675 2618 796 2666 terminus
808 2617 914 2679 obstitit,

406 2700 481 2750 Hune
491 2707 581 2764 tanget
592 2698 678 2760 armis,
689 2699 769 2747 risere
779 2699 888 2764 gestiem

438 2781 496 2842 Quo
506 2788 578 2847 parte
590 2779 775 2829 debaoohoutur
786 2780 865 2844 ignes,

472 2861 530 2923 Qua
540 2860 645 2911 nebulae
657 2860 783 2926 pluviique
794 2875 873 2910 rores.
