2320 3590
394 407 419 446 H
423 404 532 448 olem
536 404 588 447 US.

185 499 297 550 Thracen
308 517 338 550 ao
350 500 414 565 pede
424 499 533 549 barbaro

214 581 360 631 Lustratum
371 580 519 645 Rhodopen,
531 586 560 629 ut
572 578 633 627 mihi
645 578 718 628 devio

189 662 265 727 Ripas
275 671 301 713 et
312 678 420 712 vaenum
430 677 518 710 nemus

215 743 307 793 Mirari
319 744 387 793 libet
421 743 571 793 Onaiudum
584 748 672 807 potens

188 823 391 890 Baccharumque
403 824 538 873 valentium

213 905 335 956 Prooeras
345 907 461 956 manibus
472 914 568 955 vertare
578 906 702 968 fraxinos,

185 984 226 1034 Nil
237 1003 342 1051 parrum
353 995 398 1037 aut
406 987 496 1036 humili
507 988 587 1046 modo,

214 1068 256 1117 Nil
265 1070 372 1119 mortulo
382 1070 480 1133 loquar.
514 1070 594 1119 Duioe
605 1069 743 1135 perieulum
761 1075 807 1130 est,

184 1149 204 1197 Ο
216 1149 324 1212 Lenaee,
335 1153 406 1216 sequi
419 1151 493 1206 deum

214 1230 363 1296 cingentem
375 1233 449 1281 viridi
461 1239 573 1297 tempora
583 1233 708 1297 pampino.

724 1325 787 1360 xxr.

458 1494 544 1528 cxv11.

441 1600 562 1671 Europa.

191 1709 215 1743 »τ
228 1705 246 1739 N
257 1704 300 1752 nit

191 1733 300 1834 pff&
308 1723 342 1773 IS
351 1724 411 1772 iicet
421 1723 483 1772 felix
494 1725 647 1790 ubicumque
658 1726 746 1786 mavis,

324 1806 358 1854 Et
368 1821 464 1854 memor
474 1806 564 1867 nostri,
575 1805 690 1862 Galatea.
700 1807 779 1868 vivus,

324 1886 411 1951 Teque
422 1902 468 1935 nee
479 1887 565 1937 laevus
577 1895 644 1938 vetet
653 1889 691 1937 ire
701 1890 772 1955 picus

277 1967 331 2017 Neo
343 1983 408 2033 vaga
418 1969 513 2016 cornix.

215 2167 263 2216 Sed
273 2166 344 2215 vides
355 2171 450 2229 quanto
462 2163 571 2228 trepidet
582 2166 691 2215 tumultu

215 2247 311 2297 Pronus
324 2246 410 2296 Orion.
444 2244 500 2310 Ego
512 2246 572 2309 quid
584 2247 616 2295 sit
628 2255 683 2297 ater

214 2329 322 2378 Hadriae
333 2328 392 2377 novi
403 2328 472 2376 sinus
483 2334 508 2376 et
520 2327 581 2391 quid
591 2327 662 2377 nibus

275 2410 366 2459 Peecet
376 2410 464 2474 iapyX.

217 2605 331 2655 Hostium
343 2619 436 2653 uxores
446 2606 568 2670 puerique
579 2620 666 2655 meos

217 2687 328 2737 Sentient
340 2695 423 2736 motus
433 2687 536 2736 orientis
547 2688 627 2736 austri
639 2696 664 2736 et

217 2770 339 2832 Aequoris
350 2768 416 2833 nigri
427 2768 554 2819 fremitum
565 2776 591 2818 et
602 2771 731 2819 trementis
747 2786 755 2829 g¹

279 2849 393 2899 Verbere
403 2851 478 2913 ripas.
