2320 3590
322 420 365 455 10²
463 399 698 444 ammomum
724 399 870 442 LATINA.

319 496 490 561 Ardentisque
499 494 584 545 oeulos
595 494 692 544 suffecti
703 495 825 558 sunguine
836 501 862 543 et
873 493 935 558 igni,

319 578 397 628 Sibila
406 577 550 627 lambebant
559 576 652 642 linguis
663 576 819 625 vibrantibus
831 590 883 624 ors.

318 657 471 724 Diffugimus
481 659 536 707 visu
546 672 693 723 exsangues.
726 657 768 706 Illi
779 658 879 722 agmine
889 663 958 704 uento

318 741 461 790 houoonta
471 747 560 805 petunt
569 759 577 804 3
594 746 620 788 et
630 740 741 805 primum
750 754 829 804 parva
839 737 947 787 duorum

319 821 432 887 Corpora
441 828 559 870 naturum
570 835 672 885 serpens
683 819 814 885 amplexus
825 826 932 884 uterque

319 901 427 966 Inpliuai
438 908 464 949 et
474 900 577 948 miseros
587 914 673 948 morsu
685 899 828 963 depascitur
839 904 926 962 artus3

318 983 380 1033 Post
390 984 481 1048 ipsum,
492 981 587 1030 auxilio
598 981 745 1031 subeuntem
756 996 786 1030 aa
795 981 847 1030 mla
856 979 987 1039 ferentem,

319 1064 474 1129 Corripiunt,
484 1063 609 1128 spirisque
618 1062 699 1127 ligant
710 1061 869 1128 ingentibus3
886 1068 913 1110 et
923 1060 973 1109 iam

318 1146 362 1195 Bis
373 1145 481 1194 madium
491 1144 609 1209 amplexi,
620 1144 660 1193 bis
670 1144 732 1193 collo
743 1158 863 1209 squamea
872 1143 967 1192 circum

318 1227 403 1292 Terga
414 1225 475 1283 dull,
487 1231 605 1290 superant
615 1226 698 1289 eapite
709 1231 735 1274 et
745 1224 883 1274 cervicibus
892 1222 957 1273 altis

318 1308 365 1357 Ille
376 1307 450 1356 simul
460 1305 576 1355 manibus
588 1307 668 1355 tendit
678 1306 796 1356 divellere
806 1306 894 1366 nodos,

318 1389 440 1439 Perfusus
452 1390 521 1438 sanis
531 1390 607 1439 vittas
616 1398 722 1454 atroque
732 1405 836 1449 veneno,

319 1470 448 1521 Clamores
458 1469 533 1519 simul
542 1469 680 1519 horrendus
691 1470 724 1520 ad
735 1470 818 1519 sidera
829 1469 909 1520 tollit:

320 1551 409 1613 Qualis
417 1552 539 1617 mugitus,
549 1550 617 1616 fugit
626 1567 683 1600 eum
695 1552 794 1600 saucius
804 1566 875 1600 aram

320 1633 419 1681 Taurus
429 1638 455 1681 et
465 1632 585 1680 incertum
597 1633 709 1681 excussit
718 1633 813 1681 cerviae
823 1633 938 1681 securim.

320 1714 359 1763 At
369 1714 464 1778 gemini
473 1712 546 1777 lapsu
557 1713 661 1762 delubra
671 1713 704 1761 sd
716 1728 814 1762 summa
824 1713 945 1762 druuones

321 1794 453 1859 Effugiunt
464 1809 600 1858 saevaeque
611 1801 701 1860 petunt
712 1793 857 1843 Tritonides
867 1809 961 1856 urcem,

320 1874 374 1924 Sub
383 1873 538 1939 pedibusque
549 1875 609 1924 deae
619 1875 743 1940 clipeique
754 1874 801 1924 sub
812 1874 872 1924 orbe
884 1881 1012 1939 teguntur.

840 1972 863 2006 v.
878 1961 991 2007 les-227.

621 2075 727 2111 nxxxn.

554 2173 678 2228 Hectoris
689 2176 787 2228 umbra

350 2339 352 2346 s
364 2273 435 2358 7⁸4
448 2277 568 2328 RMPUS
578 2287 643 2342 erut,
651 2296 704 2346 quo
711 2281 793 2346 prima
799 2281 870 2345 quies
877 2281 1026 2330 mortalibus

318 2516 351 2564 In
361 2520 464 2577 somnis,
474 2535 540 2579 eoae,
552 2529 610 2572 ante
621 2523 705 2572 oeulos
715 2524 897 2573 maestissimus
908 2525 1005 2576 Hector

319 2594 398 2645 Visus
409 2598 496 2649 adesse
506 2602 578 2665 mibi,
588 2603 723 2670 largosque
734 2603 863 2653 effundens
872 2604 957 2669 fletus,

318 2671 443 2737 Raptatus
454 2679 530 2745 bigis,
539 2691 570 2733 ut
580 2684 714 2748 quondam,
724 2692 828 2750 aterque
839 2694 944 2738 cruento

318 2749 433 2817 vaere,
443 2774 538 2824 perque
549 2765 626 2829 pedes
638 2768 756 2818 traiectus
768 2768 822 2817 lura
832 2771 960 2821 tumentis

319 2829 368 2879 Hei
378 2835 449 2897 mihi,
461 2843 543 2903 qualis
554 2856 610 2898 erat
621 2850 628 2897 l
641 2857 764 2913 quantum
774 2857 886 2902 mutatus
898 2852 985 2905 abillo
