2360 3598
441 1136 714 1196 PRAEFATIO.

249 1326 320 1396 'ef'
352 1323 454 1374 AUCA
475 1325 597 1375 sufficient
614 1326 646 1375 ad
662 1326 737 1375 huius
758 1326 925 1392 Anthologiae

239 1338 344 1507 ἓξὲξ
366 1407 673 1472 ratlenemexpcnendam.
695 1408 924 1467 Desiderantimihi

232 1474 343 1544 *fite
366 1489 497 1552 aliquoties
505 1488 625 1538 eiusmodi
634 1489 737 1538 Latinae
745 1490 924 1553 poeseosquaai

226 1578 361 1643 speculum,
369 1578 437 1642 quod
447 1585 473 1626 et
483 1577 589 1626 multum
600 1578 627 1626 in
637 1577 751 1627 manibus
762 1585 835 1635 esset,
846 1585 873 1626 et
882 1593 923 1625 ex·

228 1668 400 1731 quisiticribua
411 1667 563 1716 carminibus
577 1669 688 1716 animum
702 1674 827 1716 recrearet
844 1666 925 1714 rediu-

228 1765 395 1823 tegraretque,
412 1773 502 1823 operae
517 1760 626 1823 pretium
642 1759 723 1807 visum
740 1767 787 1820 est,
804 1765 926 1822 quantum

228 1849 346 1912 temporis
357 1863 390 1897 ex
400 1847 553 1912 quotidianis
562 1849 670 1912 negotiis
681 1855 829 1913 superesset,
839 1847 870 1896 ad
879 1848 926 1895 hoc

228 1937 686 2002 opusculumcontexendumconferre.
710 1937 926 2002 Igiturccmplura

227 2027 259 2076 ab
272 2029 338 2076 omni
354 2035 439 2075 vatum
452 2027 622 2075 Romanorum
632 2029 800 2091 perpetuitate
809 2028 888 2092 petita
898 2035 923 2076 et

228 2118 255 2166 in
265 2116 377 2165 ordinem
388 2117 494 2182 digesta,
506 2133 520 2165 e
529 2117 600 2166 libris
611 2118 654 2181 qui
665 2117 697 2166 ad
707 2125 847 2167 extremum
858 2118 924 2167 volu-

229 2222 287 2255 men
304 2215 490 2266 enumerantur,
507 2207 669 2256 exscribenda
685 2209 777 2257 curavi.
815 2207 882 2255 Illud
898 2209 925 2256 in

228 2311 375 2360 unoquoque
383 2297 491 2345 carmine
502 2296 632 2360 deligendo
640 2297 757 2360 spectavi,
765 2303 794 2344 ut
804 2305 925 2360 quantum

229 2387 284 2435 fieri
292 2394 383 2452 posset,
396 2393 474 2436 toturn
486 2386 604 2450 quiddam
615 2393 672 2435 ante
683 2387 766 2436 oculos
778 2404 924 2452 proponere·

229 2485 280 2538 tur,
290 2478 373 2540 inquo
383 2476 518 2541 legentium
530 2477 628 2525 animus
642 2474 745 2525 haerere
756 2484 839 2541 posset
849 2484 925 2540 etque

228 2568 389 2631 acquiescere.
423 2566 502 2616 Viros
516 2566 636 2615 doctiores
652 2582 725 2631 spero
741 2569 838 2616 veniam
854 2567 924 2615 datu·

227 2673 279 2718 roe,
295 2657 420 2722 siparum
436 2657 493 2705 novi
510 2657 540 2705 de
557 2672 612 2704 meo
628 2656 696 2706 allati
712 2657 804 2706 notulis
821 2658 889 2718 insit,
904 2658 925 2704 si

227 2746 289 2813 quid
297 2745 478 2796 minusaffabre
486 2748 649 2811 compositum
657 2747 811 2810 sincerique
823 2749 844 2796 si
851 2762 925 2812 quae-

226 2838 285 2888 dam
295 2835 438 2886 dulcissima
448 2851 570 2902 nusquam
584 2835 651 2901 apud
667 2837 728 2886 haec
744 2852 809 2900 quae
826 2852 925 2901 excerp-
