2320 3590
313 422 359 470 ¹7⁰
450 407 686 451 ANTHonodu
712 408 859 452 tems.

312 500 442 552 Barbarus
451 502 501 552 heu
511 504 608 553 cineres
618 503 717 553 insistet
727 505 814 566 victor,
824 512 850 554 at
861 504 948 553 urbem

344 582 428 648 Eques
439 591 543 634 sonante
553 584 695 634 verberabit
704 584 808 651 ungula,

310 663 430 730 Quaeque
440 673 526 716 carent
536 665 617 715 ventis
627 672 654 715 et
664 665 758 716 solibus
768 682 825 716 ossa
837 665 938 726 Quirini

342 745 432 807 (Nefas
441 746 540 809 videre)
551 746 683 812 dissipabit
692 747 807 797 insolens.

308 825 385 875 Forte
394 826 456 890 quid
466 826 584 892 expediat
594 828 759 877 communiter
769 836 814 877 aut
825 828 913 878 melior
923 843 982 893 pars

342 904 419 955 Malis
428 921 513 955 carere
523 906 644 970 quaeritis
653 905 781 956 laboribus
789 926 796 956 ι

312 984 389 1035 Nulla
399 987 434 1036 sit
443 986 491 1036 hac
501 987 584 1052 potior
594 988 724 1045 sententia,
734 986 907 1036 Phocaeorum

343 1066 424 1117 Velut
433 1067 546 1133 profugit
557 1075 688 1117 exsecrata
698 1068 786 1118 civitas

309 1147 396 1213 Agros
406 1156 482 1214 atque
492 1147 571 1198 lares
580 1151 683 1212 patrios,
694 1148 883 1212 habitandaque
891 1150 952 1198 fana

341 1228 421 1294 Apris
428 1229 531 1294 reliquit
541 1237 567 1280 et
576 1230 708 1294 rapacibus
719 1230 794 1296 lupis,

308 1309 360 1372 Ire,
370 1310 446 1375 pedes
454 1326 601 1376 quoeunque
611 1311 702 1373 ferent,
712 1327 860 1377 quoeunque
871 1327 917 1377 per
929 1311 1011 1362 undas

340 1391 422 1441 Notus
432 1392 530 1443 vocabit
540 1402 585 1442 aut
594 1400 727 1458 protervus
737 1392 850 1443 Africus.

308 1469 349 1521 Sic
358 1471 447 1537 placet,
457 1488 490 1522 an
500 1473 589 1522 melius
599 1474 655 1537 quis
666 1472 742 1523 habet
753 1474 877 1523 suadere?
898 1475 1004 1524 secunda

341 1553 433 1604 Rabem
443 1570 564 1620 occupare
576 1556 636 1620 quid
646 1570 775 1605 moramur
785 1556 867 1605 alite?
957 1593 961 1597 Α

310 1634 360 1685 Sed
370 1636 481 1685 iuremus
492 1637 519 1685 in
528 1637 604 1687 haec:
622 1637 697 1687 simul
708 1639 765 1686 imis
777 1653 840 1687 saxa
852 1639 965 1689 renarint

343 1717 423 1767 Vadis
433 1717 524 1782 levata,
535 1733 568 1767 ne
578 1717 660 1767 redire
672 1719 705 1769 sit
715 1718 786 1769 nefas
792 1737 800 1784 3

310 1798 368 1848 Neu
376 1814 496 1848 conversa
506 1799 607 1849 domum
618 1800 704 1865 pigeat
715 1800 775 1849 dare
784 1799 871 1864 lintea,
882 1801 982 1866 quando

341 1879 426 1929 Padus
437 1879 539 1929 Matina
547 1881 638 1929 laverit
648 1882 786 1944 cacumina,

310 1961 342 2010 In
353 1976 422 2011 mare
432 1977 476 2010 seu
486 1961 566 2011 celsus
576 1962 730 2026 procurrerit
741 1962 917 2026 Appenninus,

343 2042 463 2108 Notaque
474 2049 586 2091 monstra
597 2043 708 2091 iunxerit
718 2041 820 2090 libidine

311 2123 392 2173 Mirus
403 2139 481 2180 amor,
493 2125 561 2173 iuvet
570 2129 600 2172 ut
611 2124 690 2188 tigres
700 2124 828 2173 subsidere
839 2126 927 2183 cervis,

341 2204 508 2254 Adulteretur
519 2212 545 2254 et
556 2203 671 2254 columba
681 2203 767 2266 miluo,

307 2285 416 2337 Credula
426 2302 472 2335 nec
483 2301 556 2335 raros
567 2286 672 2335 timeant
683 2292 797 2335 armenta
807 2285 902 2348 leones,

341 2369 467 2431 Ametque
478 2366 544 2417 salsa
554 2366 616 2416 levis
627 2365 712 2417 hircus
722 2381 839 2430 aequora.

310 2450 381 2500 Haec
392 2457 418 2499 et
429 2465 493 2514 quae
504 2455 622 2514 poterunt
631 2448 728 2497 reditus
740 2448 886 2499 abscindere
897 2449 973 2500 duleis

341 2531 435 2580 Eamus
444 2531 525 2580 omnis
536 2538 667 2579 exsecrata
676 2530 775 2592 civitas,
1140 2580 1146 2607 Ι

306 2614 362 2663 Aut
373 2627 431 2677 pars
442 2610 542 2660 indocili
551 2609 639 2660 melior
650 2626 744 2676 grege3
762 2610 844 2661 mollis
855 2620 881 2662 et
892 2627 968 2679 expes

339 2694 481 2743 Inominata
491 2693 631 2758 perprimat
641 2692 742 2742 cubilia.

307 2774 363 2824 Vos
374 2773 465 2839 quibus
476 2781 515 2823 eat
525 2773 614 2834 virtus,
626 2773 773 2823 muliebrem
784 2773 867 2825 tollite
877 2775 995 2838 luctanti,³

341 2854 449 2903 Etrusca
458 2861 559 2918 praeter
569 2860 596 2903 et
607 2853 688 2905 volate
698 2853 779 2905 litora.
