2310 3592
432 422 589 466 OVIDIUS.

468 677 543 712 culn.

348 782 443 835 nouo
457 790 563 836 mortem
576 782 662 854 deflet.

160 894 185 972 ,ἵ
205 891 222 964 ζ
238 902 255 976 [⁸
268 907 440 962 ΕΜΝΟΝΑ
471 914 493 961 si
522 921 610 970 mater,
637 918 719 960 mater
748 907 856 973 ploravit

160 990 201 1086 sl}
227 944 275 1083 ‚pl
350 993 484 1056 Achiuom,

161 1017 278 1127 ‘Q
301 1076 336 1124 Et
346 1084 454 1141 tangunt
463 1091 568 1141 magnas
579 1075 663 1124 tristia
673 1074 726 1122 fata
736 1072 804 1133 deas,

151 1155 253 1205 Flebilis
263 1157 390 1224 indignos,
399 1159 511 1223 Elegeia,
522 1156 588 1207 solve
599 1155 708 1221 capillos.

183 1238 217 1295 A,
227 1241 302 1288 nimis
313 1255 346 1288 ex
357 1255 416 1289 varo
426 1255 493 1288 nuuc
502 1238 549 1287 tibi
559 1253 649 1286 nomen
659 1238 709 1285 erit
718 1237 724 1284 Ξ

152 1320 197 1369 Ille
207 1322 244 1370 tui
254 1328 325 1370 vates
335 1322 427 1385 operis,
437 1328 483 1370 tua
493 1319 570 1381 fama,
581 1317 698 1367 Tibullus

183 1403 266 1452 Ardet
275 1404 303 1451 in
313 1410 435 1460 extructo,
445 1417 537 1467 corpus
546 1403 628 1458 inane,
638 1414 707 1464 rogo.

154 1484 222 1548 Face,
234 1500 299 1550 puer
308 1484 418 1533 Veneris
429 1483 479 1533 fort
489 1497 651 1546 eversamque
662 1481 812 1546 pharetram,

183 1566 216 1616 Et
226 1567 320 1615 fractos
331 1581 405 1614 arcus
415 1572 440 1613 et
451 1566 504 1613 sine
514 1564 569 1612 luce
580 1564 668 1613 facem.

154 1645 250 1713 Aspice,
262 1647 378 1696 demissis
388 1654 417 1695 ut
427 1654 469 1695 eat
478 1646 627 1695 miserabilis
637 1648 693 1709 alis,

182 1729 339 1793 Pectoraque
350 1728 440 1777 infesta
450 1727 540 1777 tundat
551 1735 638 1792 aperta
648 1745 731 1779 manu.

152 1808 289 1874 Excipiunt
298 1807 415 1855 lacrimas
425 1807 507 1871 sparsi
517 1822 562 1871 per
572 1807 635 1857 colla
645 1808 738 1873 capilli,

182 1891 284 1954 Oraque
294 1888 407 1954 singultu
417 1889 573 1937 concutiente
584 1897 682 1939 sonant.

150 1972 244 2021 Fratris
256 1973 284 2020 in
295 1971 398 2019 Aeneae
409 1972 444 2019 sic
454 1969 525 2018 illurn
535 1970 623 2018 funere
633 1971 718 2021 dicunt

180 2054 317 2120 Egressum
327 2053 410 2113 tectis,
420 2050 524 2115 pulcher
534 2050 599 2112 Iule,
609 2053 667 2101 tuis.

151 2135 202 2185 Nec
210 2136 295 2184 minus
305 2140 345 2182 est
354 2132 457 2181 confusa
470 2132 557 2180 Venus
567 2134 689 2182 moriente
698 2133 810 2190 Tibullo.

181 2217 264 2278 Quam
274 2216 358 2264 inveni
368 2214 438 2279 rupit
448 2230 505 2263 cunr
515 2213 583 2263 ferus
594 2214 687 2280 inguen
697 2231 765 2280 aper.

151 2299 187 2348 At
197 2300 262 2348 sacri
273 2304 344 2346 vates
354 2302 381 2345 et
391 2295 476 2344 divum
487 2310 548 2344 curu
557 2298 688 2344 vocamur!

152 2390 172 2409 '⁴
181 2379 245 2430 Sunt
255 2380 342 2435 etiam,
353 2378 396 2442 qui
406 2393 452 2426 nos
462 2392 554 2426 numan
565 2377 658 2426 habers
667 2379 770 2442 putent!

152 2460 247 2511 Scilicet
257 2475 331 2510 omne
341 2473 441 2508 sacrum
451 2474 518 2507 mors
527 2458 662 2523 inportuna
673 2460 798 2524 profanat.

182 2542 304 2593 Omnibus
314 2541 434 2591 obscuras
445 2540 516 2589 inicit
526 2540 570 2589 illa
580 2555 711 2589 manus.-

152 2624 308 2674 Carminibus
318 2623 415 2673 confide
424 2623 503 2672 bonis.
536 2623 614 2678 Iacet,
625 2638 690 2684 ecce,
702 2621 833 2671 Tibullus:

181 2705 235 2754 Vix
245 2711 420 2754 manetetoto
429 2719 508 2769 parva
520 2704 586 2769 quod
596 2719 660 2752 urna
670 2704 745 2768 capit.
872 2711 875 2717 '

154 2785 227 2846 Tene,
237 2803 308 2837 sacar
319 2794 399 2848 vates,
408 2785 522 2835 flammae
531 2801 637 2849 rapuere
648 2785 755 2851 rogum,

184 2869 330 2920 Pectoribus
340 2867 412 2933 pasci
421 2883 467 2916 nec
477 2867 581 2916 timuere
592 2866 642 2915 tuis
651 2867 663 2914 i
