2310 3592
398 423 554 482 orturus

444 686 515 723 ctx1.
535 668 548 712 l

368 794 446 847 Anna
457 794 586 859 Perenna.

135 924 232 1026 ,ssffl‘
241 933 409 985 ACTATUR
419 935 527 985 tumidas
538 935 598 984 exul
609 932 745 983 Phoenissa
756 950 801 999 per

126 973 169 1086 ἒξ]
180 983 235 1096 {apl
320 1017 411 1078 undas,

121 1039 233 1155 fiili&
255 1098 398 1163 Umidaque
408 1100 520 1164 opposite
531 1099 625 1146 lumina
635 1106 703 1147 veste
714 1098 786 1163 tegit.

118 1180 190 1229 Tunc
200 1183 309 1245 primum
320 1180 387 1229 Dido
398 1178 460 1229 felix
470 1187 508 1229 est
518 1179 585 1229 dicta
595 1180 682 1235 sorori,

149 1261 184 1309 Et
195 1276 366 1326 quaecumque
377 1260 486 1325 aliquam
494 1275 597 1325 corpore
607 1262 698 1324 pressit
708 1259 818 1308 humum.

118 1341 218 1407 Figitur
227 1342 261 1391 ad
271 1342 385 1414 Laprens
396 1343 492 1408 ingenti
502 1341 602 1391 flamine
611 1341 671 1390 litus

149 1424 253 1489 Puppis,
264 1431 291 1472 et
300 1425 420 1488 expositis
431 1423 545 1472 omuibus
555 1422 646 1472 hausta
656 1423 728 1487 perit.

117 1504 239 1570 lampius
249 1504 350 1554 Aeneas
361 1520 438 1570 reguo
449 1511 559 1570 nataque
568 1504 654 1553 Latini

150 1588 249 1637 Auctus
259 1592 324 1647 erat,
334 1585 438 1651 populos
448 1587 631 1650 miscueratque
642 1585 712 1634 duos.

119 1666 203 1716 Litore
213 1667 290 1716 domii
301 1666 353 1715 solo
363 1669 495 1717 comitatus
506 1668 606 1717 Achate

151 1748 278 1799 Secretum
289 1747 357 1796 nudo
365 1747 425 1796 dum
435 1748 497 1813 pede
508 1746 590 1814 carpit
601 1748 658 1805 iter,

121 1827 218 1895 Aspicit
229 1837 364 1890 errantem,
374 1845 419 1879 nec
429 1830 530 1879 credere
540 1831 647 1880 sustinet
657 1829 758 1877 Annam

151 1913 218 1962 Esse.
254 1909 323 1971 Quid
331 1912 359 1958 iu
369 1910 455 1960 Latios
467 1910 511 1960 illa
521 1913 617 1960 veniret
627 1926 702 1976 agros
714 1912 726 1958 ?

120 1993 272 2043 Damascum
280 1990 391 2054 Aeneas,
401 1993 487 2041 ‘Anna
494 1999 532 2041 est
540 1994 546 2039 l
555 1991 562 2015 ’
571 1992 695 2042 exclamat
703 1992 821 2041 Achates.

151 2074 192 2123 Ad
203 2089 294 2124 nomeu
307 2073 390 2121 vultus
401 2073 503 2122 sustulit
513 2073 558 2122 illa
567 2090 633 2123 suos.

121 2152 173 2214 Quo
180 2153 280 2220 fugiat?
292 2153 351 2215 quid
358 2155 435 2220 agat?
447 2170 510 2218 quos
516 2161 598 2205 terrae
605 2154 799 2220 quaerathiatus
810 2159 821 2202 i

151 2235 218 2285 Ante
229 2236 313 2285 oculos
323 2237 429 2284 miserae
440 2236 492 2284 fata
503 2238 594 2286 sororis
603 2246 684 2287 eraut.

124 2311 211 2375 Sensit,
219 2324 246 2364 et
256 2314 400 2378 adloquitur
412 2314 535 2379 trepidam
546 2314 697 2381 Cythereius
709 2317 796 2367 heros:

151 2395 204 2444 Flet
215 2404 299 2445 tamen
309 2395 437 2444 admonitu
449 2402 542 2457 motus,
552 2395 643 2456 Elissa,
654 2399 699 2446 tui

122 2476 210 2535 ‘Anna
215 2493 260 2542 per
269 2477 334 2527 hanc
342 2478 405 2534 iuro,
413 2492 487 2541 quam
494 2477 619 2542 quondam
627 2478 713 2527 audire
720 2478 815 2528 solebas

153 2556 274 2608 Tellurem
285 2557 338 2606 fato
349 2558 502 2622 prosperiore
513 2557 576 2620 dari,

123 2635 215 2701 Perque
225 2636 284 2687 deos
294 2638 406 2700 comites,
417 2638 465 2687 hae
476 2654 556 2704 nuper
566 2639 624 2688 sede
635 2638 737 2702 locatos,

154 2717 228 2785 Saepe
239 2735 306 2769 meas
316 2720 371 2768 illos
381 2720 534 2784 increpuisse
543 2736 633 2770 moras.

123 2798 173 2848 Nec
182 2801 253 2849 timui
263 2801 293 2850 de
303 2808 383 2850 morte
393 2808 489 2851 tamen:
507 2807 588 2850 metus
600 2801 664 2850 afuit
674 2803 727 2851 iste.

156 2882 201 2933 Hei
210 2885 285 2934 mihi!
304 2884 417 2934 credibili
427 2884 518 2934 fortior
530 2885 573 2935 illa
582 2885 638 2936 fuit
