2304 3590
341 348 583 396 ossunrsuus.
771 366 818 415 337
907 324 909 329 ’

121 441 183 502 Iret,
195 449 222 492 et
230 449 328 492 aroeret
338 443 450 495 dominos
459 446 548 497 tellure
558 461 678 509 reversos,

121 523 254 572 Armatam
264 524 370 573 ostensis
380 527 459 575 aoiem
469 527 556 577 fudere
567 526 681 593 flagellis.

120 601 201 652 Notus
212 602 245 652 ab
256 603 361 668 inoeptis
372 606 481 671 ignobile
492 608 602 673 reppulit
612 608 701 658 horror

120 682 230 750 Vulgus,
241 690 267 734 et
278 683 400 736 adductus
411 688 458 738 sub
468 690 574 740 verbera
585 691 681 755 torpuit
692 690 770 739 ensis.
784 702 790 737 t

505 788 526 821 v.
539 776 662 836 4434653
680 775 793 821 tootle.

418 1024 518 1060 ccnxn.

346 1148 391 1201 De
402 1147 481 1202 Bello
497 1148 596 1202 Getico.

360 1265 444 1338 Alpes
457 1266 588 1320 Raeticae.

214 1650 344 1701 terendum

120 1729 173 1780 Vix
185 1739 282 1782 aestate
290 1733 364 1782 viam.
401 1731 478 1782 Multi
488 1747 533 1781 seu
544 1731 661 1797 Gorgone
672 1734 725 1781 visu

117 1812 258 1879 Obriguere
268 1812 326 1880 gelu
336 1832 343 1863 z
359 1813 450 1863 multos
460 1813 565 1863 hausere
576 1813 713 1878 profundae

117 1893 199 1945 Vasta
209 1894 275 1944 mole
284 1896 363 1953 nives,
374 1909 480 1959 eumque
489 1896 552 1959 ipsis
562 1910 634 1959 saepe
646 1895 755 1944 iuvencis

117 1974 141 2023 N
142 1974 249 2041 aubagu
257 1974 374 2024 candenti
383 1982 533 2040 merguntur
544 1975 656 2039 plaustra
666 1974 791 2025 barathro.

117 2056 247 2106 Interdum
256 2056 337 2122 glaeie
349 2056 457 2106 subitam
468 2056 566 2108 lubente
576 2058 674 2106 ruinam

117 2137 191 2187 Mons
200 2137 278 2199 dedit,
289 2145 315 2187 et
324 2137 416 2202 tepidis
426 2137 572 2187 fundamine
583 2139 680 2189 subruit
688 2140 791 2187 Austris

117 2217 240 2267 Pendenti
249 2217 366 2267 malefida
376 2217 435 2267 solo.
468 2217 519 2266 Per
529 2218 590 2267 talis
599 2219 680 2267 tendit

115 2297 262 2365 Frigoribus
272 2299 361 2348 mediis
371 2297 475 2349 Stilicho
485 2299 546 2349 loca.
581 2298 657 2348 Nulla
666 2299 746 2365 Lyaei

114 2379 223 2446 Pooula3
240 2395 299 2430 rara
309 2379 402 2430 Ceresz
419 2388 502 2445 raptos
514 2387 645 2430 contentus
656 2381 682 2428 in
692 2381 768 2429 ermis

114 2460 245 2511 Delibesse
255 2461 333 2519 cibos,
343 2460 492 2527 madidoque
503 2468 620 2511 oneratus
627 2461 721 2510 amictu

13 2554 14 2561 ¹
114 2541 249 2608 Algentem
259 2542 377 2607 pulsabat
387 2558 485 2607 equum.
519 2543 573 2592 Nee
582 2542 668 2592 mollia
678 2543 743 2591 fesso

13 2628 14 2631 ’
115 2619 200 2672 Strata
210 2622 301 2672 dedere
311 2630 394 2672 torum
404 2641 410 2672 :
428 2623 539 2673 tenebris
549 2625 571 2672 si
579 2637 652 2672 caeca
660 2623 778 2687 repressit

115 2702 175 2754 Nox
186 2705 244 2762 iter,
256 2712 303 2754 aut
314 2703 413 2769 spelaea
424 2704 491 2754 subit
500 2703 634 2754 metuenda
643 2702 762 2760 serarum,

114 2782 170 2833 Aut
179 2784 299 2849 pastorali
309 2783 387 2832 iacuit
398 2783 444 2833 sub
453 2783 559 2833 eulmine
569 2783 646 2833 fultus

466 2864 481 2897 z
