2320 3590
375 419 565 463 nourrius.
787 432 831 477 1⁵7

232 510 365 578 Impudena
374 513 436 580 liqui
448 515 543 581 patrios
553 520 664 580 penates,

232 591 471 658 ImpudensOreum
480 611 571 645 moror.
605 595 741 645 Odeorum

233 673 260 724 Si
271 677 327 740 quia
337 676 399 726 haee
406 677 487 740 audis,
498 679 594 727 utinam
604 677 670 725 inter
681 690 761 724 errem

294 755 369 806 Nuda
378 757 469 807 leones.

234 926 377 994 Antequam
388 932 470 996 turpis
480 931 573 980 macies
584 929 694 979 decentis

234 1009 343 1076 Occupet
353 1012 432 1061 malas
442 1019 594 1076 teneraeque
604 1027 678 1061 sucus

236 1090 335 1142 Defluat
345 1093 461 1158 praedae,
471 1093 582 1157 speciosa
592 1108 686 1158 quaero

296 1173 403 1223 Pasuere
414 1174 502 1239 tigres.

235 1346 300 1397 Vilis
311 1348 421 1415 Europe,
432 1356 504 1413 pater
513 1357 588 1415 urget
598 1349 701 1399 absens:

235 1429 303 1489 Quid
315 1432 380 1480 mori
390 1445 472 1481 cessas
486 1434 497 1480 l
515 1430 591 1479 Potes
602 1428 648 1479 hae
660 1431 692 1481 ab
702 1447 764 1481 orno

237 1510 375 1560 Pendulum
386 1527 450 1560 zona
459 1511 522 1560 bene
532 1518 558 1559 te
570 1518 656 1560 secuta

298 1591 410 1641 Iraedere
421 1591 519 1642 collum.

238 1769 293 1819 Sive
303 1777 328 1820 te
338 1784 414 1834 rupes
424 1776 450 1819 et
460 1775 534 1819 acuta
543 1769 595 1819 leto

239 1850 305 1900 Saxa
316 1851 448 1913 delectant,
459 1866 506 1917 age
515 1857 540 1900 te
547 1850 669 1917 procellae

239 1931 316 1982 Crede
327 1932 415 1994 veloci,
425 1932 475 1981 nisi
486 1931 547 1981 erile
557 1933 635 1981 mavis

300 2012 409 2078 Carpere
420 2028 524 2078 pensum

241 2192 332 2258 Regius
343 2193 455 2257 sanguis,
465 2192 628 2258 dominaeque
637 2194 704 2243 tradi

240 2272 365 2322 Barbarae
375 2272 614 2338 paelex.’-Aderat
625 2275 740 2339 querenti

242 2350 366 2402 Perfidum
377 2353 462 2402 ridens
473 2353 561 2404 Venus
572 2363 598 2403 et
608 2356 713 2404 remisso

302 2434 383 2483 Filius
394 2450 462 2483 areu.

246 2614 313 2674 Mox,
324 2616 368 2665 nbi
378 2615 438 2664 lusit
448 2617 523 2664 satis:
541 2617 549 2643 ‘
562 2616 715 2680 Abstinetu‚'

245 2695 315 2747 Dixit
326 2705 333 2728 ⁴
342 2699 437 2747 irarum
446 2696 590 2762 calidaeque
601 2699 682 2759 rixae,

247 2775 308 2827 Cum
318 2779 366 2828 tibi
375 2779 470 2827 invisus
479 2777 612 2828 laceranda
621 2778 709 2829 reddet

309 2858 410 2909 Cornua
420 2865 517 2907 tantun
