2304 3590
328 356 375 412 33⁶
468 349 701 393 ANTHOLOGIA
731 352 876 395 LATINA.

331 443 450 507 Eutropio
461 442 540 492 fasces
551 444 746 493 adservabantur
757 445 850 494 ademti

328 522 492 587 Tarquiniis?
509 539 690 590 quemcumque
700 542 770 574 meae
782 542 872 575 vexere
882 527 990 586 curules,

328 603 425 653 Iaxato
436 606 518 654 veniat
529 606 588 654 socii
598 614 722 671 spectator
733 607 842 656 Averno.

329 685 439 750 Impensi
450 687 526 734 sacris
537 686 618 744 Decii,
629 689 783 752 prorumpite
793 688 881 745 bustis¹

328 768 499 832 Torquatique
510 776 602 830 truces,
612 771 771 833 animosaque
782 772 899 834 pauperis
911 772 999 820 umbra

328 848 435 897 Fabricii
445 870 451 913 3
469 858 544 912 tuque
555 864 570 897 o
581 850 602 897 si
614 849 677 897 forte
688 850 785 898 inferna
797 852 894 914 piorum

330 930 430 995 Iugera,
441 939 467 979 et
477 930 578 995 Elysias
590 930 691 992 scindis,
704 929 820 993 Serrano,
831 933 931 981 novales
942 953 949 981 ε

328 1010 412 1060 Poeno
423 1011 560 1076 Scipiadae,
572 1011 655 1060 Poeno
667 1013 793 1076 praeclare
804 1012 901 1071 Lutati,

331 1092 430 1142 Sicania
441 1092 561 1141 Marcelle
572 1093 653 1155 ferox,
665 1109 726 1157 gens
736 1092 842 1142 Claudia
853 1103 950 1160 surgat

331 1175 368 1224 ut
374 1174 444 1224 Curii
456 1176 548 1238 series3
566 1181 592 1222 et
602 1177 645 1238 qui
657 1175 703 1223 sub
715 1175 767 1223 iure
779 1177 876 1240 negasti

330 1257 423 1305 Vivere
434 1255 564 1316 Caesareo,
574 1271 652 1320 parvo
663 1256 768 1320 procede
779 1256 902 1320 sepulcro,

329 1339 477 1403 Eutropium
487 1353 600 1402 passure,
612 1336 682 1385 Cato.
717 1338 836 1386 Remente
847 1339 965 1400 tenebris,

331 1422 441 1486 Agmina
448 1418 593 1475 Brutorum,
604 1418 818 1483 Corvinorumque
829 1430 950 1469 catervae.

330 1501 444 1550 Eunuchi
453 1509 550 1549 vestros
560 1500 671 1561 habitus,
682 1502 791 1566 insignia
801 1509 904 1550 sumunt

330 1583 451 1647 Ambigui
463 1583 575 1630 Romana
585 1597 682 1630 mares:
700 1598 805 1646 rapuere
817 1581 958 1631 tremendas

332 1663 467 1713 Hannibali
477 1662 626 1726 Pyrrhoque
638 1670 724 1726 togass
742 1662 842 1710 flabella
851 1665 943 1726 perosi,

331 1745 470 1809 Adspirant
481 1743 586 1792 trabeisz
604 1744 653 1791 iam
664 1758 714 1790 non
726 1742 870 1791 umbracula
880 1751 980 1808 gestent

331 1825 490 1892 Virginibus,
498 1823 584 1873 Latias
595 1825 650 1872 ausi
661 1825 760 1873 vibrare
770 1840 877 1874 secures.

429 1922 444 1950 q
551 1917 565 1945 n
673 1918 688 1946 1
798 1920 813 1947 1
921 1920 936 1947 0

363 1983 430 2044 Quid
442 1982 529 2031 trahor
539 1981 665 2029 ulterius?
691 1980 804 2039 Stilicho,
816 1983 876 2047 quid
888 1984 986 2033 vincere

428 2063 521 2122 differs,

331 2149 399 2196 Dum
410 2155 504 2194 certare
515 2143 613 2209 pudet?
629 2143 710 2192 nescis
720 2143 787 2207 quod
798 2145 896 2207 turpior
907 2144 986 2193 hostis

331 2228 439 2277 Laetitia
448 2227 541 2274 maiore
551 2224 638 2273 cedit?
654 2225 760 2288 piratica
771 2225 895 2290 Magnum

331 2310 414 2374 Erigit
424 2327 429 2357 ι
447 2306 556 2355 illustrat
566 2304 662 2353 servilis
672 2305 758 2354 laurea
770 2305 896 2357 Crassum.

332 2391 446 2441 Annuis:
464 2403 570 2453 agnosco
581 2385 719 2447 fremitum,
731 2403 781 2451 quo
791 2387 883 2452 polluit
894 2387 985 2449 Eurus,

333 2472 390 2533 Quo
401 2470 486 2519 Mauri
496 2468 621 2532 Gildoque
632 2470 691 2516 ruit.
726 2467 792 2527 Quid
805 2469 898 2517 Martia
910 2471 981 2534 signa

332 2551 473 2604 Sollicitus?
490 2566 539 2597 non
550 2558 588 2597 est
599 2548 686 2611 iaculis
697 2548 806 2597 hastisve
818 2549 953 2612 petendus:

331 2636 437 2686 Conscia
447 2630 606 2681 succumbent
617 2629 702 2678 audito
713 2631 815 2678 verbere
826 2639 905 2696 terga

332 2715 369 2765 Ut
381 2714 476 2779 Scytha
485 2719 542 2777 post
551 2712 642 2760 multos
653 2711 751 2759 rediens
763 2714 889 2762 exercitus
900 2729 985 2776 annos,

331 2796 395 2846 Cum
406 2796 453 2845 sibi
464 2793 561 2844 servilis
572 2807 618 2857 pro
629 2792 720 2842 finibus
732 2792 803 2841 obvia
815 2793 894 2858 pubes
