<?xml version="1.0" encoding="UTF-8"?>
<!DOCTYPE html PUBLIC "-//W3C//DTD XHTML 1.0 Transitional//EN"
    "http://www.w3.org/TR/xhtml1/DTD/xhtml1-transitional.dtd">
<html xmlns="http://www.w3.org/1999/xhtml" xml:lang="en" lang="en">
 <head>
  <title>
</title>
<meta http-equiv="Content-Type" content="text/html;charset=utf-8" />
  <meta name='ocr-system' content='tesseract 3.04.00' />
  <meta name='ocr-capabilities' content='ocr_page ocr_carea ocr_par ocr_line ocrx_word'/>
</head>
<body>
  <div class='ocr_page' id='page_1' title='image "./anthologialatin02thacgoog_0382.png"; bbox 0 0 2304 3590; ppageno 0'>
   <div class='ocr_carea' id='block_1_1' title="bbox 403 414 965 480">
    <p class='ocr_par' dir='ltr' id='par_1_1' title="bbox 403 414 965 480">
     <span class='ocr_line' id='line_1_1' title="bbox 403 414 965 480; baseline 0.034 -23"><span class='ocrx_word' id='word_1_1' title='bbox 403 415 430 458; x_wconf 85' lang='lat' dir='ltr'><em>N</em></span> <span class='ocrx_word' id='word_1_2' title='bbox 433 414 532 458; x_wconf 76' lang='lat' dir='ltr'><strong>ol&#39;All.</strong></span> <span class='ocrx_word' id='word_1_3' title='bbox 774 432 819 480; x_wconf 77' lang='grc'><strong>357</strong></span> <span class='ocrx_word' id='word_1_4' title='bbox 847 440 965 476; x_wconf 53' lang='lat' dir='ltr'><strong>hominu.</strong></span> 
     </span>
    </p>
   </div>
   <div class='ocr_carea' id='block_1_2' title="bbox 114 516 953 2943">
    <p class='ocr_par' dir='ltr' id='par_1_2' title="bbox 204 516 740 636">
     <span class='ocr_line' id='line_1_2' title="bbox 204 516 698 565; baseline 0.002 -8"><span class='ocrx_word' id='word_1_5' title='bbox 204 516 267 565; x_wconf 87' lang='lat' dir='ltr'><strong>Quod</strong></span> <span class='ocrx_word' id='word_1_6' title='bbox 277 517 315 558; x_wconf 88' lang='lat' dir='ltr'><strong>illo</strong></span> <span class='ocrx_word' id='word_1_7' title='bbox 326 517 435 558; x_wconf 84' lang='lat' dir='ltr'><strong>unciatim</strong></span> <span class='ocrx_word' id='word_1_8' title='bbox 444 518 484 558; x_wconf 84' lang='lat' dir='ltr'><strong>vix</strong></span> <span class='ocrx_word' id='word_1_9' title='bbox 495 518 521 559; x_wconf 91' lang='lat' dir='ltr'><strong>de</strong></span> <span class='ocrx_word' id='word_1_10' title='bbox 532 518 637 559; x_wconf 77' lang='lat' dir='ltr'><strong>demeum</strong></span> <span class='ocrx_word' id='word_1_11' title='bbox 648 530 698 565; x_wconf 92' lang='lat' dir='ltr'><strong>sno,</strong></span> 
     </span>
     <span class='ocr_line' id='line_1_3' title="bbox 204 581 740 636; baseline 0.004 -13"><span class='ocrx_word' id='word_1_12' title='bbox 204 581 273 623; x_wconf 86' lang='lat' dir='ltr'><strong>Suom</strong></span> <span class='ocrx_word' id='word_1_13' title='bbox 284 582 419 623; x_wconf 77' lang='lat' dir='ltr'><strong>defraudans</strong></span> <span class='ocrx_word' id='word_1_14' title='bbox 429 584 528 634; x_wconf 70' lang='lat' dir='ltr'><strong>genium,</strong></span> <span class='ocrx_word' id='word_1_15' title='bbox 536 584 656 636; x_wconf 84' lang='lat' dir='ltr'><strong>comparsit</strong></span> <span class='ocrx_word' id='word_1_16' title='bbox 665 584 740 625; x_wconf 84' lang='lat' dir='ltr'><strong>miser.</strong></span> 
     </span>
    </p>

    <p class='ocr_par' dir='ltr' id='par_1_3' title="bbox 118 645 953 898">
     <span class='ocr_line' id='line_1_4' title="bbox 147 645 953 701; baseline 0.002 -15"><span class='ocrx_word' id='word_1_17' title='bbox 147 645 283 689; x_wconf 74' lang='lat' dir='ltr'><strong>Philocrates</strong></span> <span class='ocrx_word' id='word_1_18' title='bbox 301 653 324 688; x_wconf 85' lang='lat' dir='ltr'><strong>st</strong></span> <span class='ocrx_word' id='word_1_19' title='bbox 336 647 454 697; x_wconf 78' lang='lat' dir='ltr'><strong>Tyndarus</strong></span> <span class='ocrx_word' id='word_1_20' title='bbox 466 660 574 701; x_wconf 82' lang='lat' dir='ltr'><strong>personas</strong></span> <span class='ocrx_word' id='word_1_21' title='bbox 586 650 648 690; x_wconf 81' lang='lat' dir='ltr'><strong>inter</strong></span> <span class='ocrx_word' id='word_1_22' title='bbox 663 661 687 690; x_wconf 89' lang='lat' dir='ltr'><strong>ss</strong></span> <span class='ocrx_word' id='word_1_23' title='bbox 701 655 821 690; x_wconf 79' lang='lat' dir='ltr'><strong>commnta-</strong></span> <span class='ocrx_word' id='word_1_24' title='bbox 846 654 865 689; x_wconf 81' lang='grc'><strong>3.</strong></span> <span class='ocrx_word' id='word_1_25' title='bbox 918 660 953 690; x_wconf 84' lang='grc' dir='ltr'>ιιι.</span> 
     </span>
     <span class='ocr_line' id='line_1_5' title="bbox 118 714 821 767; baseline 0.001 -13"><span class='ocrx_word' id='word_1_26' title='bbox 118 714 360 764; x_wconf 59' lang='lat' dir='ltr'><strong>rememorandas</strong></span> <span class='ocrx_word' id='word_1_27' title='bbox 371 714 509 756; x_wconf 77' lang='lat' dir='ltr'><strong>Philocrates</strong></span> <span class='ocrx_word' id='word_1_28' title='bbox 521 721 637 767; x_wconf 83' lang='lat' dir='ltr'><strong>tamquam</strong></span> <span class='ocrx_word' id='word_1_29' title='bbox 652 727 730 757; x_wconf 80' lang='lat' dir='ltr'><strong>servus</strong></span> <span class='ocrx_word' id='word_1_30' title='bbox 742 717 821 756; x_wconf 84' lang='lat' dir='ltr'><strong>libera·</strong></span> 
     </span>
     <span class='ocr_line' id='line_1_6' title="bbox 118 779 821 834; baseline 0.003 -15"><span class='ocrx_word' id='word_1_31' title='bbox 118 784 190 820; x_wconf 84' lang='lat' dir='ltr'><strong>ratur.</strong></span> <span class='ocrx_word' id='word_1_32' title='bbox 220 779 291 830; x_wconf 71' lang='lat' dir='ltr'><strong>Hegio</strong></span> <span class='ocrx_word' id='word_1_33' title='bbox 304 780 413 831; x_wconf 81' lang='lat' dir='ltr'><strong>comperit</strong></span> <span class='ocrx_word' id='word_1_34' title='bbox 425 792 453 821; x_wconf 87' lang='lat' dir='ltr'><strong>ex</strong></span> <span class='ocrx_word' id='word_1_35' title='bbox 465 782 508 822; x_wconf 92' lang='lat' dir='ltr'><strong>alio</strong></span> <span class='ocrx_word' id='word_1_36' title='bbox 517 782 605 834; x_wconf 83' lang='lat' dir='ltr'><strong>captivo</strong></span> <span class='ocrx_word' id='word_1_37' title='bbox 615 794 639 822; x_wconf 89' lang='lat' dir='ltr'><strong>se</strong></span> <span class='ocrx_word' id='word_1_38' title='bbox 649 793 697 822; x_wconf 85' lang='lat' dir='ltr'><strong>esse</strong></span> <span class='ocrx_word' id='word_1_39' title='bbox 706 782 821 833; x_wconf 82' lang='lat' dir='ltr'><strong>deceptum</strong></span> 
     </span>
     <span class='ocr_line' id='line_1_7' title="bbox 119 845 821 898; baseline 0.003 -14"><span class='ocrx_word' id='word_1_40' title='bbox 119 850 142 885; x_wconf 87' lang='lat' dir='ltr'><strong>et</strong></span> <span class='ocrx_word' id='word_1_41' title='bbox 154 857 195 898; x_wconf 80' lang='lat' dir='ltr'><strong>pro</strong></span> <span class='ocrx_word' id='word_1_42' title='bbox 208 845 334 886; x_wconf 70' lang='lat' dir='ltr'><strong>Philocrate</strong></span> <span class='ocrx_word' id='word_1_43' title='bbox 347 845 476 896; x_wconf 78' lang='lat' dir='ltr'><strong>Tyndarum</strong></span> <span class='ocrx_word' id='word_1_44' title='bbox 489 858 579 887; x_wconf 80' lang='lat' dir='ltr'><strong>servum</strong></span> <span class='ocrx_word' id='word_1_45' title='bbox 593 852 714 888; x_wconf 83' lang='lat' dir='ltr'><strong>retentum.</strong></span> <span class='ocrx_word' id='word_1_46' title='bbox 744 847 821 888; x_wconf 80' lang='lat' dir='ltr'><strong>Weiss.</strong></span> 
     </span>
    </p>

    <p class='ocr_par' dir='ltr' id='par_1_4' title="bbox 118 909 821 1623">
     <span class='ocr_line' id='line_1_8' title="bbox 120 909 819 963; baseline 0.004 -13"><span class='ocrx_word' id='word_1_47' title='bbox 120 910 219 951; x_wconf 69' lang='lat' dir='ltr'><strong>Facitne</strong></span> <span class='ocrx_word' id='word_1_48' title='bbox 235 912 264 952; x_wconf 86' lang='lat' dir='ltr'><strong>ah</strong></span> <span class='ocrx_word' id='word_1_49' title='bbox 281 911 372 963; x_wconf 83' lang='lat' dir='ltr'><strong>antiquo</strong></span> <span class='ocrx_word' id='word_1_50' title='bbox 382 911 436 963; x_wconf 75' lang='lat' dir='ltr'><strong>sao,</strong></span> <span class='ocrx_word' id='word_1_51' title='bbox 449 917 456 937; x_wconf 84' lang='lat'>‘</span> <span class='ocrx_word' id='word_1_52' title='bbox 469 913 507 963; x_wconf 87' lang='lat' dir='ltr'><strong>qni</strong></span> <span class='ocrx_word' id='word_1_53' title='bbox 524 913 624 953; x_wconf 79' lang='lat' dir='ltr'><strong>iuvimus</strong></span> <span class='ocrx_word' id='word_1_54' title='bbox 641 919 694 953; x_wconf 82' lang='lat' dir='ltr'><strong>ante</strong></span> <span class='ocrx_word' id='word_1_55' title='bbox 711 909 819 960; x_wconf 83' lang='lat' dir='ltr'><strong>Rudini;&#39;</strong></span> 
     </span>
     <span class='ocr_line' id='line_1_9' title="bbox 121 975 821 1028; baseline 0.004 -12"><span class='ocrx_word' id='word_1_56' title='bbox 121 976 181 1016; x_wconf 82' lang='lat' dir='ltr'><strong>Enn.</strong></span> <span class='ocrx_word' id='word_1_57' title='bbox 194 987 230 1028; x_wconf 79' lang='lat' dir='ltr'><strong>ap.</strong></span> <span class='ocrx_word' id='word_1_58' title='bbox 241 975 286 1017; x_wconf 80' lang='lat' dir='ltr'><strong>(lic.</strong></span> <span class='ocrx_word' id='word_1_59' title='bbox 297 977 325 1018; x_wconf 88' lang='lat' dir='ltr'><strong>de</strong></span> <span class='ocrx_word' id='word_1_60' title='bbox 341 976 403 1019; x_wconf 87' lang='lat' dir='ltr'><strong>Orat.</strong></span> <span class='ocrx_word' id='word_1_61' title='bbox 413 978 446 1020; x_wconf 85' lang='lat' dir='ltr'><strong>iii.</strong></span> <span class='ocrx_word' id='word_1_62' title='bbox 457 982 491 1018; x_wconf 78' lang='lat'><strong>42.</strong></span> <span class='ocrx_word' id='word_1_63' title='bbox 516 978 585 1019; x_wconf 80' lang='lat' dir='ltr'><strong>‘Tros</strong></span> <span class='ocrx_word' id='word_1_64' title='bbox 601 978 727 1019; x_wconf 79' lang='lat' dir='ltr'><strong>Rutulusvo</strong></span> <span class='ocrx_word' id='word_1_65' title='bbox 744 979 793 1020; x_wconf 84' lang='lat' dir='ltr'><strong>inat</strong></span> <span class='ocrx_word' id='word_1_66' title='bbox 801 981 821 1027; x_wconf 73' lang='grc' dir='ltr'><strong>ς’</strong></span> 
     </span>
     <span class='ocr_line' id='line_1_10' title="bbox 119 1041 821 1095; baseline 0.007 -15"><span class='ocrx_word' id='word_1_67' title='bbox 119 1041 186 1093; x_wconf 78' lang='lat' dir='ltr'><strong>Verg.</strong></span> <span class='ocrx_word' id='word_1_68' title='bbox 202 1041 259 1083; x_wconf 83' lang='lat' dir='ltr'><strong>Aen.</strong></span> <span class='ocrx_word' id='word_1_69' title='bbox 277 1054 302 1082; x_wconf 82' lang='lat' dir='ltr'><strong>x.</strong></span> <span class='ocrx_word' id='word_1_70' title='bbox 320 1046 364 1083; x_wconf 83' lang='grc'><strong>108.</strong></span> <span class='ocrx_word' id='word_1_71' title='bbox 389 1042 530 1092; x_wconf 78' lang='lat' dir='ltr'><strong>Dierectum,</strong></span> <span class='ocrx_word' id='word_1_72' title='bbox 547 1043 648 1095; x_wconf 76' lang='lat' dir='ltr'><strong>Anglicd,</strong></span> <span class='ocrx_word' id='word_1_73' title='bbox 667 1049 673 1069; x_wconf 87' lang='lat'><em>‘</em></span> <span class='ocrx_word' id='word_1_74' title='bbox 683 1044 716 1084; x_wconf 79' lang='lat' dir='ltr'><strong>(lo</strong></span> <span class='ocrx_word' id='word_1_75' title='bbox 732 1045 777 1085; x_wconf 85' lang='lat' dir='ltr'><strong>and</strong></span> <span class='ocrx_word' id='word_1_76' title='bbox 795 1045 821 1085; x_wconf 86' lang='lat' dir='ltr'><strong>hs</strong></span> 
     </span>
     <span class='ocr_line' id='line_1_11' title="bbox 119 1107 821 1162; baseline 0.009 -15"><span class='ocrx_word' id='word_1_77' title='bbox 119 1107 208 1157; x_wconf 84' lang='lat' dir='ltr'><strong>hangsd</strong></span> <span class='ocrx_word' id='word_1_78' title='bbox 216 1108 234 1155; x_wconf 82' lang='grc'><strong>;’</strong></span> <span class='ocrx_word' id='word_1_79' title='bbox 245 1108 267 1148; x_wconf 91' lang='lat' dir='ltr'><strong>id</strong></span> <span class='ocrx_word' id='word_1_80' title='bbox 272 1108 330 1158; x_wconf 86' lang='lat' dir='ltr'><strong>quod</strong></span> <span class='ocrx_word' id='word_1_81' title='bbox 335 1109 398 1149; x_wconf 85' lang='lat' dir='ltr'><strong>cruci</strong></span> <span class='ocrx_word' id='word_1_82' title='bbox 406 1110 507 1156; x_wconf 83' lang='lat' dir='ltr'><strong>affixum,</strong></span> <span class='ocrx_word' id='word_1_83' title='bbox 513 1111 577 1162; x_wconf 84' lang='lat' dir='ltr'><strong>quasi</strong></span> <span class='ocrx_word' id='word_1_84' title='bbox 586 1112 621 1151; x_wconf 84' lang='lat' dir='ltr'><strong>vol</strong></span> <span class='ocrx_word' id='word_1_85' title='bbox 626 1111 667 1151; x_wconf 79' lang='lat' dir='ltr'><strong>arao</strong></span> <span class='ocrx_word' id='word_1_86' title='bbox 671 1112 708 1150; x_wconf 81' lang='lat' dir='ltr'><strong>die</strong></span> <span class='ocrx_word' id='word_1_87' title='bbox 714 1115 821 1155; x_wconf 66' lang='lat' dir='ltr'><strong>mercum.</strong></span> 
     </span>
     <span class='ocr_line' id='line_1_12' title="bbox 118 1173 820 1234; baseline 0.004 -18"><span class='ocrx_word' id='word_1_88' title='bbox 118 1175 372 1225; x_wconf 72' lang='lat' dir='ltr'><strong>vsllndlversnsporees</strong></span> <span class='ocrx_word' id='word_1_89' title='bbox 378 1179 473 1217; x_wconf 74' lang='lat' dir='ltr'><strong>exterso.</strong></span> <span class='ocrx_word' id='word_1_90' title='bbox 484 1175 531 1217; x_wconf 80' lang='lat' dir='ltr'><strong>Alii</strong></span> <span class='ocrx_word' id='word_1_91' title='bbox 538 1177 566 1217; x_wconf 90' lang='lat' dir='ltr'><strong>ad</strong></span> <span class='ocrx_word' id='word_1_92' title='bbox 576 1176 694 1223; x_wconf 83' lang='lat' dir='ltr'><strong>Graecum,</strong></span> <span class='ocrx_word' id='word_1_93' title='bbox 702 1173 820 1234; x_wconf 72' lang='grc' dir='ltr'><strong>διάῤῥηκτος</strong></span> 
     </span>
     <span class='ocr_line' id='line_1_13' title="bbox 118 1237 820 1300; baseline 0.007 -20"><span class='ocrx_word' id='word_1_94' title='bbox 118 1239 252 1291; x_wconf 77' lang='lat' dir='ltr'><strong>(disruptus)</strong></span> <span class='ocrx_word' id='word_1_95' title='bbox 270 1240 345 1281; x_wconf 86' lang='lat' dir='ltr'><strong>minus</strong></span> <span class='ocrx_word' id='word_1_96' title='bbox 358 1241 418 1281; x_wconf 74' lang='lat' dir='ltr'><strong>recto</strong></span> <span class='ocrx_word' id='word_1_97' title='bbox 433 1242 544 1290; x_wconf 76' lang='lat' dir='ltr'><strong>raserint,</strong></span> <span class='ocrx_word' id='word_1_98' title='bbox 558 1242 586 1283; x_wconf 84' lang='lat' dir='ltr'><strong>cs.</strong></span> <span class='ocrx_word' id='word_1_99' title='bbox 601 1238 623 1293; x_wconf 75' lang='grc' dir='ltr'><strong>ἐς</strong></span> <span class='ocrx_word' id='word_1_100' title='bbox 637 1237 735 1300; x_wconf 63' lang='lat' dir='ltr'><strong>adpensa,</strong></span> <span class='ocrx_word' id='word_1_101' title='bbox 749 1241 785 1285; x_wconf 72' lang='lat' dir='ltr'><strong>ode</strong></span> <span class='ocrx_word' id='word_1_102' title='bbox 799 1237 820 1292; x_wconf 71' lang='grc' dir='ltr'><strong>ἐς</strong></span> 
     </span>
     <span class='ocr_line' id='line_1_14' title="bbox 118 1301 444 1363; baseline 0 -15"><span class='ocrx_word' id='word_1_103' title='bbox 118 1301 201 1363; x_wconf 60' lang='grc' dir='ltr'><strong><em>φθόρου</em></strong></span> <span class='ocrx_word' id='word_1_104' title='bbox 217 1304 252 1346; x_wconf 79' lang='lat' dir='ltr'><strong>Tu</strong></span> <span class='ocrx_word' id='word_1_105' title='bbox 261 1306 382 1349; x_wconf 70' lang='lat' dir='ltr'><strong>subsuitur.</strong></span> <span class='ocrx_word' id='word_1_106' title='bbox 412 1306 444 1348; x_wconf 77' lang='lat' dir='ltr'><strong>cf.</strong></span> 
     </span>
     <span class='ocr_line' id='line_1_15' title="bbox 441 1368 627 1432; baseline 0.005 -17"><span class='ocrx_word' id='word_1_107' title='bbox 441 1368 459 1415; x_wconf 72' lang='lat' dir='ltr'><strong>ol</strong></span> <span class='ocrx_word' id='word_1_108' title='bbox 469 1373 544 1432; x_wconf 67' lang='grc' dir='ltr'><strong>πονηρὲ</strong></span> <span class='ocrx_word' id='word_1_109' title='bbox 553 1369 627 1432; x_wconf 68' lang='grc' dir='ltr'>καρδία</span> 
     </span>
     <span class='ocr_line' id='line_1_16' title="bbox 240 1434 705 1498; baseline 0.004 -17"><span class='ocrx_word' id='word_1_110' title='bbox 240 1434 403 1498; x_wconf 67' lang='grc' dir='ltr'><strong>ἐπιχαιρέκακον</strong></span> <span class='ocrx_word' id='word_1_111' title='bbox 412 1438 440 1490; x_wconf 77' lang='grc' dir='ltr'><strong>ὡς</strong></span> <span class='ocrx_word' id='word_1_112' title='bbox 449 1435 471 1483; x_wconf 69' lang='grc' dir='ltr'><strong>εἴ</strong></span> <span class='ocrx_word' id='word_1_113' title='bbox 476 1453 537 1495; x_wconf 80' lang='grc' dir='ltr'><strong><em>μονον</em></strong></span> <span class='ocrx_word' id='word_1_114' title='bbox 545 1439 584 1483; x_wconf 78' lang='grc' dir='ltr'><strong>τοῦ</strong></span> <span class='ocrx_word' id='word_1_115' title='bbox 594 1438 705 1496; x_wconf 72' lang='grc' dir='ltr'><strong>σώματος’</strong></span> 
     </span>
     <span class='ocr_line' id='line_1_17' title="bbox 234 1501 627 1564; baseline -0.003 -16"><span class='ocrx_word' id='word_1_116' title='bbox 234 1502 343 1564; x_wconf 76' lang='grc' dir='ltr'><strong><em>ὃςχεῖγὶρ</em></strong></span> <span class='ocrx_word' id='word_1_117' title='bbox 353 1501 418 1556; x_wconf 73' lang='grc' dir='ltr'>εὐθὺς,</span> <span class='ocrx_word' id='word_1_118' title='bbox 428 1503 453 1549; x_wconf 69' lang='lat' dir='ltr'><strong>ier</strong></span> <span class='ocrx_word' id='word_1_119' title='bbox 461 1503 504 1563; x_wconf 74' lang='grc' dir='ltr'><strong>ἴδῃς</strong></span> <span class='ocrx_word' id='word_1_120' title='bbox 513 1503 627 1549; x_wconf 72' lang='grc' dir='ltr'><strong>δεδοικότα.</strong></span> 
     </span>
     <span class='ocr_line' id='line_1_18' title="bbox 502 1570 769 1623; baseline 0 -11"><span class='ocrx_word' id='word_1_121' title='bbox 502 1570 689 1617; x_wconf 66' lang='lat' dir='ltr'><strong>Anixannainia</strong></span> <span class='ocrx_word' id='word_1_122' title='bbox 699 1571 769 1623; x_wconf 78' lang='lat' dir='ltr'><strong>Frag.</strong></span> 
     </span>
    </p>

    <p class='ocr_par' dir='ltr' id='par_1_5' title="bbox 116 1636 817 1754">
     <span class='ocr_line' id='line_1_19' title="bbox 142 1636 817 1690; baseline 0 -13"><span class='ocrx_word' id='word_1_123' title='bbox 142 1636 216 1685; x_wconf 69' lang='lat' dir='ltr'><strong>Allde&#39;,</strong></span> <span class='ocrx_word' id='word_1_124' title='bbox 225 1639 265 1679; x_wconf 72' lang='lat' dir='ltr'><strong>ie.</strong></span> <span class='ocrx_word' id='word_1_125' title='bbox 272 1638 345 1679; x_wconf 84' lang='lat' dir='ltr'><strong>Elide.</strong></span> <span class='ocrx_word' id='word_1_126' title='bbox 351 1639 524 1685; x_wconf 73' lang='lat' dir='ltr'><strong>deruaclnotue,</strong></span> <span class='ocrx_word' id='word_1_127' title='bbox 533 1637 634 1689; x_wconf 64' lang='lat' dir='ltr'><strong>dagno,</strong></span> <span class='ocrx_word' id='word_1_128' title='bbox 644 1642 650 1661; x_wconf 82' lang='lat'><strong><em>¹</em></strong></span> <span class='ocrx_word' id='word_1_129' title='bbox 658 1638 758 1690; x_wconf 82' lang='lat' dir='ltr'><strong>polishsd</strong></span> <span class='ocrx_word' id='word_1_130' title='bbox 765 1637 817 1685; x_wconf 83' lang='lat' dir='ltr'><strong>off;¹</strong></span> 
     </span>
     <span class='ocr_line' id='line_1_20' title="bbox 116 1706 397 1754; baseline -0.007 -11"><span class='ocrx_word' id='word_1_131' title='bbox 116 1706 224 1749; x_wconf 66' lang='lat' dir='ltr'><strong>nucina,</strong></span> <span class='ocrx_word' id='word_1_132' title='bbox 234 1716 309 1745; x_wconf 81' lang='lat' dir='ltr'><strong>serrae</strong></span> <span class='ocrx_word' id='word_1_133' title='bbox 320 1716 397 1754; x_wconf 80' lang='lat' dir='ltr'><strong>genus.</strong></span> 
     </span>
    </p>

    <p class='ocr_par' dir='ltr' id='par_1_6' title="bbox 115 1769 949 1954">
     <span class='ocr_line' id='line_1_21' title="bbox 142 1769 949 1822; baseline 0.004 -11"><span class='ocrx_word' id='word_1_134' title='bbox 142 1769 316 1813; x_wconf 71' lang='lat' dir='ltr'><strong>Ductams‘ieo</strong></span> <span class='ocrx_word' id='word_1_135' title='bbox 331 1771 360 1821; x_wconf 84' lang='lat' dir='ltr'><strong>by</strong></span> <span class='ocrx_word' id='word_1_136' title='bbox 369 1771 407 1810; x_wconf 84' lang='lat' dir='ltr'><strong>the</strong></span> <span class='ocrx_word' id='word_1_137' title='bbox 420 1771 490 1817; x_wconf 80' lang='lat' dir='ltr'><strong>nose,&#39;</strong></span> <span class='ocrx_word' id='word_1_138' title='bbox 506 1775 532 1810; x_wconf 85' lang='lat' dir='ltr'><strong>ut</strong></span> <span class='ocrx_word' id='word_1_139' title='bbox 547 1781 612 1822; x_wconf 81' lang='lat' dir='ltr'><strong>saepe</strong></span> <span class='ocrx_word' id='word_1_140' title='bbox 631 1771 689 1821; x_wconf 86' lang='lat' dir='ltr'><strong>apud</strong></span> <span class='ocrx_word' id='word_1_141' title='bbox 706 1769 818 1811; x_wconf 84' lang='lat' dir='ltr'><strong>Plautum.</strong></span> <span class='ocrx_word' id='word_1_142' title='bbox 841 1780 861 1815; x_wconf 84' lang='grc'><strong>4.</strong></span> <span class='ocrx_word' id='word_1_143' title='bbox 944 1809 949 1819; x_wconf 86' lang='grc'>,</span> 
     </span>
     <span class='ocr_line' id='line_1_22' title="bbox 116 1837 817 1894; baseline -0.003 -16"><span class='ocrx_word' id='word_1_144' title='bbox 116 1848 139 1877; x_wconf 88' lang='lat' dir='ltr'><strong>os</strong></span> <span class='ocrx_word' id='word_1_145' title='bbox 146 1838 259 1878; x_wconf 72' lang='lat' dir='ltr'><strong>sublevere</strong></span> <span class='ocrx_word' id='word_1_146' title='bbox 268 1838 365 1894; x_wconf 66' lang='lat' dir='ltr'><strong>offudis,</strong></span> <span class='ocrx_word' id='word_1_147' title='bbox 371 1842 468 1878; x_wconf 84' lang='lat' dir='ltr'><strong>tractum</strong></span> <span class='ocrx_word' id='word_1_148' title='bbox 476 1850 489 1877; x_wconf 87' lang='lat' dir='ltr'><strong>a</strong></span> <span class='ocrx_word' id='word_1_149' title='bbox 497 1837 605 1887; x_wconf 84' lang='lat' dir='ltr'><strong>ludo‚quc</strong></span> <span class='ocrx_word' id='word_1_150' title='bbox 612 1837 773 1877; x_wconf 80' lang='lat' dir='ltr'><strong>dormientibus</strong></span> <span class='ocrx_word' id='word_1_151' title='bbox 779 1848 817 1877; x_wconf 91' lang='lat' dir='ltr'><strong>ora</strong></span> 
     </span>
     <span class='ocr_line' id='line_1_23' title="bbox 115 1903 249 1954; baseline 0 -12"><span class='ocrx_word' id='word_1_152' title='bbox 115 1903 249 1954; x_wconf 69' lang='lat' dir='ltr'><strong>pinguntur.</strong></span> 
     </span>
    </p>

    <p class='ocr_par' dir='ltr' id='par_1_7' title="bbox 116 1966 944 2218">
     <span class='ocr_line' id='line_1_24' title="bbox 141 1966 944 2011; baseline 0.001 -2"><span class='ocrx_word' id='word_1_153' title='bbox 141 1968 225 2009; x_wconf 82' lang='lat' dir='ltr'><strong>Mulier</strong></span> <span class='ocrx_word' id='word_1_154' title='bbox 238 1968 408 2009; x_wconf 86' lang='lat' dir='ltr'><strong>Menaechmum</strong></span> <span class='ocrx_word' id='word_1_155' title='bbox 419 1967 524 2008; x_wconf 84' lang='lat' dir='ltr'><strong>Sosiclem</strong></span> <span class='ocrx_word' id='word_1_156' title='bbox 536 1967 603 2007; x_wconf 81' lang='lat' dir='ltr'><strong>fratri</strong></span> <span class='ocrx_word' id='word_1_157' title='bbox 613 1966 753 2008; x_wconf 82' lang='lat' dir='ltr'><strong>simillimam</strong></span> <span class='ocrx_word' id='word_1_158' title='bbox 767 1975 818 2008; x_wconf 86' lang='lat' dir='ltr'><strong>rata</strong></span> <span class='ocrx_word' id='word_1_159' title='bbox 842 1973 861 2008; x_wconf 78' lang='lat'><strong>5.</strong></span> <span class='ocrx_word' id='word_1_160' title='bbox 912 1980 944 2011; x_wconf 82' lang='lat' dir='ltr'><strong>lv.</strong></span> 
     </span>
     <span class='ocr_line' id='line_1_25' title="bbox 116 2032 816 2086; baseline -0.001 -12"><span class='ocrx_word' id='word_1_161' title='bbox 116 2046 183 2074; x_wconf 85' lang='lat' dir='ltr'><strong>sunm</strong></span> <span class='ocrx_word' id='word_1_162' title='bbox 200 2045 249 2075; x_wconf 79' lang='lat' dir='ltr'><strong>esse</strong></span> <span class='ocrx_word' id='word_1_163' title='bbox 264 2033 379 2086; x_wconf 85' lang='lat' dir='ltr'><strong>Sosiclem,</strong></span> <span class='ocrx_word' id='word_1_164' title='bbox 390 2046 441 2075; x_wconf 87' lang='lat' dir='ltr'><strong>cnm</strong></span> <span class='ocrx_word' id='word_1_165' title='bbox 457 2045 483 2073; x_wconf 93' lang='lat' dir='ltr'><strong>eo</strong></span> <span class='ocrx_word' id='word_1_166' title='bbox 500 2034 628 2085; x_wconf 75' lang='lat' dir='ltr'><strong>expostulat</strong></span> <span class='ocrx_word' id='word_1_167' title='bbox 644 2032 671 2072; x_wconf 85' lang='lat' dir='ltr'><strong>de</strong></span> <span class='ocrx_word' id='word_1_168' title='bbox 687 2034 754 2084; x_wconf 82' lang='lat' dir='ltr'><strong>palla.</strong></span> <span class='ocrx_word' id='word_1_169' title='bbox 782 2034 816 2074; x_wconf 81' lang='lat' dir='ltr'><strong>Ex</strong></span> 
     </span>
     <span class='ocr_line' id='line_1_26' title="bbox 116 2098 815 2153; baseline 0 -13"><span class='ocrx_word' id='word_1_170' title='bbox 116 2101 157 2141; x_wconf 82' lang='lat' dir='ltr'><strong>hac</strong></span> <span class='ocrx_word' id='word_1_171' title='bbox 169 2101 245 2141; x_wconf 79' lang='lat' dir='ltr'><strong>sabula</strong></span> <span class='ocrx_word' id='word_1_172' title='bbox 257 2099 472 2153; x_wconf 80' lang='lat' dir='ltr'><strong>Shaksspaarisnam</strong></span> <span class='ocrx_word' id='word_1_173' title='bbox 485 2100 548 2139; x_wconf 86' lang='lat' dir='ltr'><strong>illam</strong></span> <span class='ocrx_word' id='word_1_174' title='bbox 560 2098 667 2139; x_wconf 81' lang='lat' dir='ltr'><strong>Erromm</strong></span> <span class='ocrx_word' id='word_1_175' title='bbox 677 2099 815 2140; x_wconf 75' lang='lat' dir='ltr'><strong>comoediam</strong></span> 
     </span>
     <span class='ocr_line' id='line_1_27' title="bbox 117 2168 320 2218; baseline 0 -11"><span class='ocrx_word' id='word_1_176' title='bbox 117 2168 214 2218; x_wconf 83' lang='lat' dir='ltr'><strong>pendere</strong></span> <span class='ocrx_word' id='word_1_177' title='bbox 225 2172 320 2207; x_wconf 84' lang='lat' dir='ltr'><strong>constat.</strong></span> 
     </span>
    </p>

    <p class='ocr_par' dir='ltr' id='par_1_8' title="bbox 115 2231 866 2482">
     <span class='ocr_line' id='line_1_28' title="bbox 146 2231 866 2283; baseline 0 -10"><span class='ocrx_word' id='word_1_178' title='bbox 146 2231 452 2281; x_wconf 72' lang='lat' dir='ltr'><strong>Aetatem,‘allmy1ifs;’</strong></span> <span class='ocrx_word' id='word_1_179' title='bbox 473 2232 549 2283; x_wconf 73' lang='lat' dir='ltr'><strong>viduo,</strong></span> <span class='ocrx_word' id='word_1_180' title='bbox 570 2233 615 2272; x_wconf 87' lang='lat' dir='ltr'><strong>i.s.</strong></span> <span class='ocrx_word' id='word_1_181' title='bbox 632 2244 646 2272; x_wconf 87' lang='lat' dir='ltr'><strong>a</strong></span> <span class='ocrx_word' id='word_1_182' title='bbox 662 2234 711 2273; x_wconf 83' lang='lat' dir='ltr'><strong>viro</strong></span> <span class='ocrx_word' id='word_1_183' title='bbox 729 2233 813 2273; x_wconf 87' lang='lat' dir='ltr'><strong>divisa:</strong></span> <span class='ocrx_word' id='word_1_184' title='bbox 840 2251 866 2258; x_wconf 86' lang='lat'>-</span> 
     </span>
     <span class='ocr_line' id='line_1_29' title="bbox 118 2297 815 2350; baseline -0.001 -13"><span class='ocrx_word' id='word_1_185' title='bbox 118 2297 213 2339; x_wconf 65' lang='lat' dir='ltr'><strong>Bonna</strong></span> <span class='ocrx_word' id='word_1_186' title='bbox 222 2299 301 2349; x_wconf 76' lang='lat' dir='ltr'><strong>lingua</strong></span> <span class='ocrx_word' id='word_1_187' title='bbox 307 2299 385 2339; x_wconf 86' lang='lat' dir='ltr'><strong>iduare</strong></span> <span class='ocrx_word' id='word_1_188' title='bbox 393 2303 427 2338; x_wconf 84' lang='lat' dir='ltr'><strong>est</strong></span> <span class='ocrx_word' id='word_1_189' title='bbox 434 2298 540 2338; x_wconf 81' lang='lat' dir='ltr'><strong>dividere.</strong></span> <span class='ocrx_word' id='word_1_190' title='bbox 565 2298 673 2350; x_wconf 79' lang='lat' dir='ltr'><strong>mavelim,</strong></span> <span class='ocrx_word' id='word_1_191' title='bbox 681 2299 696 2339; x_wconf 90' lang='lat' dir='ltr'><strong>i.</strong></span> <span class='ocrx_word' id='word_1_192' title='bbox 702 2311 722 2339; x_wconf 84' lang='lat' dir='ltr'><strong>s.</strong></span> <span class='ocrx_word' id='word_1_193' title='bbox 729 2300 815 2339; x_wconf 86' lang='lat' dir='ltr'><strong>malim.</strong></span> 
     </span>
     <span class='ocr_line' id='line_1_30' title="bbox 115 2363 816 2411; baseline -0.001 -5"><span class='ocrx_word' id='word_1_194' title='bbox 115 2369 231 2410; x_wconf 78' lang='lat' dir='ltr'><strong>mecastor.</strong></span> <span class='ocrx_word' id='word_1_195' title='bbox 238 2366 278 2406; x_wconf 83' lang='lat' dir='ltr'><strong>ie.</strong></span> <span class='ocrx_word' id='word_1_196' title='bbox 288 2366 320 2405; x_wconf 84' lang='lat' dir='ltr'><strong>ita</strong></span> <span class='ocrx_word' id='word_1_197' title='bbox 329 2375 365 2405; x_wconf 92' lang='lat' dir='ltr'><strong>me</strong></span> <span class='ocrx_word' id='word_1_198' title='bbox 376 2363 456 2405; x_wconf 80' lang='lat' dir='ltr'><strong>Castor</strong></span> <span class='ocrx_word' id='word_1_199' title='bbox 462 2363 561 2410; x_wconf 82' lang='lat' dir='ltr'><strong>adiuvet,</strong></span> <span class='ocrx_word' id='word_1_200' title='bbox 566 2364 687 2404; x_wconf 87' lang='lat' dir='ltr'><strong>mulierum</strong></span> <span class='ocrx_word' id='word_1_201' title='bbox 692 2364 816 2411; x_wconf 71' lang='lat' dir='ltr'><strong>obmstatlo,</strong></span> 
     </span>
     <span class='ocr_line' id='line_1_31' title="bbox 116 2430 815 2482; baseline 0 -11"><span class='ocrx_word' id='word_1_202' title='bbox 116 2432 208 2472; x_wconf 88' lang='lat' dir='ltr'><strong>nonnisi</strong></span> <span class='ocrx_word' id='word_1_203' title='bbox 213 2432 246 2473; x_wconf 88' lang='lat' dir='ltr'><strong>his</strong></span> <span class='ocrx_word' id='word_1_204' title='bbox 253 2431 394 2482; x_wconf 82' lang='lat' dir='ltr'><strong>terve.idqns</strong></span> <span class='ocrx_word' id='word_1_205' title='bbox 400 2430 458 2481; x_wconf 82' lang='lat' dir='ltr'><strong>apud</strong></span> <span class='ocrx_word' id='word_1_206' title='bbox 464 2430 522 2469; x_wconf 82' lang='lat' dir='ltr'><strong>locos</strong></span> <span class='ocrx_word' id='word_1_207' title='bbox 530 2430 633 2476; x_wconf 62' lang='lat' dir='ltr'><strong>dubiosa</strong></span> <span class='ocrx_word' id='word_1_208' title='bbox 640 2431 696 2471; x_wconf 83' lang='lat' dir='ltr'><strong>viris</strong></span> <span class='ocrx_word' id='word_1_209' title='bbox 701 2435 815 2482; x_wconf 81' lang='lat' dir='ltr'><strong>usurpata.</strong></span> 
     </span>
    </p>

    <p class='ocr_par' dir='ltr' id='par_1_9' title="bbox 114 2496 938 2610">
     <span class='ocr_line' id='line_1_32' title="bbox 143 2496 938 2549; baseline -0.003 -11"><span class='ocrx_word' id='word_1_210' title='bbox 143 2497 167 2539; x_wconf 84' lang='lat' dir='ltr'><strong>L.</strong></span> <span class='ocrx_word' id='word_1_211' title='bbox 178 2501 198 2538; x_wconf 84' lang='lat' dir='ltr'><strong>d.</strong></span> <span class='ocrx_word' id='word_1_212' title='bbox 208 2501 310 2538; x_wconf 78' lang='lat' dir='ltr'><strong>morastro</strong></span> <span class='ocrx_word' id='word_1_213' title='bbox 320 2498 377 2549; x_wconf 77' lang='lat' dir='ltr'><strong>quod</strong></span> <span class='ocrx_word' id='word_1_214' title='bbox 393 2496 474 2542; x_wconf 79' lang='lat' dir='ltr'><strong>bibam,</strong></span> <span class='ocrx_word' id='word_1_215' title='bbox 486 2507 517 2535; x_wconf 84' lang='lat' dir='ltr'><strong>sc.</strong></span> <span class='ocrx_word' id='word_1_216' title='bbox 532 2497 725 2537; x_wconf 82' lang='lat' dir='ltr'><strong>medicamentum.</strong></span> <span class='ocrx_word' id='word_1_217' title='bbox 753 2496 777 2537; x_wconf 88' lang='lat' dir='ltr'><strong>L.</strong></span> <span class='ocrx_word' id='word_1_218' title='bbox 795 2500 815 2536; x_wconf 83' lang='lat'><strong>9.</strong></span> <span class='ocrx_word' id='word_1_219' title='bbox 840 2504 860 2539; x_wconf 88' lang='lat' dir='ltr'><strong>o.</strong></span> <span class='ocrx_word' id='word_1_220' title='bbox 911 2521 938 2531; x_wconf 82' lang='grc'><strong>.-</strong></span> 
     </span>
     <span class='ocr_line' id='line_1_33' title="bbox 114 2560 690 2610; baseline -0.007 -6"><span class='ocrx_word' id='word_1_221' title='bbox 114 2564 200 2610; x_wconf 68' lang='lat' dir='ltr'><strong>elmete,</strong></span> <span class='ocrx_word' id='word_1_222' title='bbox 207 2563 222 2603; x_wconf 87' lang='lat' dir='ltr'><strong>i.</strong></span> <span class='ocrx_word' id='word_1_223' title='bbox 229 2575 248 2603; x_wconf 90' lang='lat' dir='ltr'><strong>e.</strong></span> <span class='ocrx_word' id='word_1_224' title='bbox 259 2563 333 2605; x_wconf 88' lang='lat' dir='ltr'><strong>simul.</strong></span> <span class='ocrx_word' id='word_1_225' title='bbox 361 2561 500 2606; x_wconf 73' lang='lat' dir='ltr'><strong>Porthaone,</strong></span> <span class='ocrx_word' id='word_1_226' title='bbox 511 2560 631 2601; x_wconf 82' lang='lat' dir='ltr'><strong>Deianirae</strong></span> <span class='ocrx_word' id='word_1_227' title='bbox 641 2573 690 2601; x_wconf 80' lang='lat' dir='ltr'><strong>aro.</strong></span> 
     </span>
    </p>

    <p class='ocr_par' dir='ltr' id='par_1_10' title="bbox 114 2627 937 2943">
     <span class='ocr_line' id='line_1_34' title="bbox 141 2627 937 2678; baseline -0.001 -10"><span class='ocrx_word' id='word_1_228' title='bbox 141 2628 199 2669; x_wconf 84' lang='lat' dir='ltr'><strong>Dum</strong></span> <span class='ocrx_word' id='word_1_229' title='bbox 223 2629 363 2669; x_wconf 88' lang='lat' dir='ltr'><strong>Philolaches</strong></span> <span class='ocrx_word' id='word_1_230' title='bbox 383 2628 475 2678; x_wconf 85' lang='lat' dir='ltr'><strong>eiusque</strong></span> <span class='ocrx_word' id='word_1_231' title='bbox 491 2627 609 2667; x_wconf 83' lang='lat' dir='ltr'><strong>familiaris</strong></span> <span class='ocrx_word' id='word_1_232' title='bbox 625 2628 684 2668; x_wconf 90' lang='lat' dir='ltr'><strong>domi</strong></span> <span class='ocrx_word' id='word_1_233' title='bbox 700 2640 751 2668; x_wconf 88' lang='lat' dir='ltr'><strong>cum</strong></span> <span class='ocrx_word' id='word_1_234' title='bbox 768 2630 815 2670; x_wconf 89' lang='lat' dir='ltr'><strong>suis</strong></span> <span class='ocrx_word' id='word_1_235' title='bbox 839 2648 865 2656; x_wconf 91' lang='lat'><em>-</em></span> <span class='ocrx_word' id='word_1_236' title='bbox 917 2640 937 2668; x_wconf 86' lang='lat' dir='ltr'><strong>v.</strong></span> 
     </span>
     <span class='ocr_line' id='line_1_35' title="bbox 115 2694 815 2746; baseline 0.001 -11"><span class='ocrx_word' id='word_1_237' title='bbox 115 2696 225 2735; x_wconf 88' lang='lat' dir='ltr'><strong>amoribus</strong></span> <span class='ocrx_word' id='word_1_238' title='bbox 240 2695 396 2746; x_wconf 84' lang='lat' dir='ltr'><strong>comissantur,</strong></span> <span class='ocrx_word' id='word_1_239' title='bbox 413 2705 442 2734; x_wconf 87' lang='lat' dir='ltr'><strong>ex</strong></span> <span class='ocrx_word' id='word_1_240' title='bbox 457 2694 571 2746; x_wconf 82' lang='lat' dir='ltr'><strong>insperato</strong></span> <span class='ocrx_word' id='word_1_241' title='bbox 587 2694 646 2734; x_wconf 82' lang='lat' dir='ltr'><strong>redit</strong></span> <span class='ocrx_word' id='word_1_242' title='bbox 660 2699 724 2745; x_wconf 82' lang='lat' dir='ltr'><strong>pater</strong></span> <span class='ocrx_word' id='word_1_243' title='bbox 742 2694 815 2736; x_wconf 87' lang='lat' dir='ltr'><strong>Philo·</strong></span> 
     </span>
     <span class='ocr_line' id='line_1_36' title="bbox 114 2759 814 2811; baseline 0.003 -11"><span class='ocrx_word' id='word_1_244' title='bbox 114 2761 191 2802; x_wconf 85' lang='lat' dir='ltr'><strong>lachis.</strong></span> <span class='ocrx_word' id='word_1_245' title='bbox 217 2759 302 2801; x_wconf 70' lang='lat' dir='ltr'><strong>Sanus</strong></span> <span class='ocrx_word' id='word_1_246' title='bbox 315 2759 397 2801; x_wconf 80' lang='lat' dir='ltr'><strong>Tranio</strong></span> <span class='ocrx_word' id='word_1_247' title='bbox 413 2759 480 2800; x_wconf 83' lang='lat' dir='ltr'><strong>efficit</strong></span> <span class='ocrx_word' id='word_1_248' title='bbox 493 2764 519 2799; x_wconf 81' lang='lat' dir='ltr'><strong>ut</strong></span> <span class='ocrx_word' id='word_1_249' title='bbox 536 2770 606 2800; x_wconf 86' lang='lat' dir='ltr'><strong>senex</strong></span> <span class='ocrx_word' id='word_1_250' title='bbox 623 2760 670 2811; x_wconf 81' lang='lat' dir='ltr'><strong>ipse</strong></span> <span class='ocrx_word' id='word_1_251' title='bbox 680 2772 733 2800; x_wconf 87' lang='lat' dir='ltr'><strong>suas</strong></span> <span class='ocrx_word' id='word_1_252' title='bbox 748 2762 814 2802; x_wconf 87' lang='lat' dir='ltr'><strong>aedes</strong></span> 
     </span>
     <span class='ocr_line' id='line_1_37' title="bbox 114 2825 815 2877; baseline 0.004 -13"><span class='ocrx_word' id='word_1_253' title='bbox 114 2826 302 2877; x_wconf 70' lang='lat' dir='ltr'><strong>lugint‚fingendo</strong></span> <span class='ocrx_word' id='word_1_254' title='bbox 309 2832 409 2867; x_wconf 87' lang='lat' dir='ltr'><strong>monstra</strong></span> <span class='ocrx_word' id='word_1_255' title='bbox 416 2826 439 2865; x_wconf 87' lang='lat' dir='ltr'><strong>in</strong></span> <span class='ocrx_word' id='word_1_256' title='bbox 448 2825 475 2864; x_wconf 90' lang='lat' dir='ltr'><strong>iis</strong></span> <span class='ocrx_word' id='word_1_257' title='bbox 482 2825 563 2872; x_wconf 83' lang='lat' dir='ltr'><strong>videri,</strong></span> <span class='ocrx_word' id='word_1_258' title='bbox 569 2825 630 2865; x_wconf 87' lang='lat' dir='ltr'><strong>unde</strong></span> <span class='ocrx_word' id='word_1_259' title='bbox 638 2836 720 2866; x_wconf 84' lang='lat' dir='ltr'><strong>nomen</strong></span> <span class='ocrx_word' id='word_1_260' title='bbox 727 2826 815 2867; x_wconf 84' lang='lat' dir='ltr'><strong>fabulae</strong></span> 
     </span>
     <span class='ocr_line' id='line_1_38' title="bbox 115 2889 793 2943; baseline 0 -11"><span class='ocrx_word' id='word_1_261' title='bbox 115 2890 261 2939; x_wconf 76' lang='lat' dir='ltr'><strong>Mostellaria,</strong></span> <span class='ocrx_word' id='word_1_262' title='bbox 271 2892 334 2943; x_wconf 83' lang='lat' dir='ltr'><strong>qnasi</strong></span> <span class='ocrx_word' id='word_1_263' title='bbox 345 2891 512 2938; x_wconf 66' lang='lat' dir='ltr'><strong>Monstellorim</strong></span> <span class='ocrx_word' id='word_1_264' title='bbox 522 2892 570 2940; x_wconf 87' lang='lat' dir='ltr'><strong>(tho</strong></span> <span class='ocrx_word' id='word_1_265' title='bbox 582 2890 689 2931; x_wconf 86' lang='lat' dir='ltr'><strong>Haunted</strong></span> <span class='ocrx_word' id='word_1_266' title='bbox 699 2889 793 2942; x_wconf 83' lang='lat' dir='ltr'><strong>Honse.)</strong></span> 
     </span>
    </p>
   </div>
   <div class='ocr_carea' id='block_1_3' title="bbox 0 0 1156 3590">
    <p class='ocr_par' dir='ltr' id='par_1_11' title="bbox 0 0 1156 3590">
     <span class='ocr_line' id='line_1_39' title="bbox 0 0 1156 3590; baseline 0 0"><span class='ocrx_word' id='word_1_267' title='bbox 0 0 1156 3590; x_wconf 95' lang='lat' dir='ltr'><strong> </strong></span> 
     </span>
    </p>
   </div>
  </div>
 </body>
</html>
