2304 3590
316 364 363 421 298
460 360 696 404 ANTHOLOGIA
718 362 864 404 tamnu.

380 454 453 505 Solua
463 455 518 506 luce
528 457 594 505 nitet
603 455 722 521 peculiari
732 477 739 506 e

380 535 455 586 Puris
465 535 555 585 leuiter
566 536 728 586 admoventur
738 538 813 586 astris

380 615 468 667 Celsae
478 616 586 666 culmina
597 616 702 684 delio-ata
712 617 791 667 villae.

380 696 447 747 Hinc
457 704 553 763 septem
562 697 675 748 dominos
685 697 769 747 ridere
780 705 877 748 montes

380 778 414 828 llt
426 785 504 828 totam
514 779 573 828 licet
584 780 716 829 aestimare
727 779 842 841 Romam,

380 859 493 910 Albanos
504 876 603 925 quoque
614 859 785 924 'lhsoulosque
795 859 870 909 colles

380 941 413 990 Et
424 941 588 1006 quodcunque
599 942 663 991 iacet
673 942 791 991 suburbe
802 941 892 1016 frigus,

379 1022 487 1072 Fidenas
496 1029 591 1072 veteres
602 1023 737 1086 brevesque
747 1021 856 1084 Rubras,

381 1103 415 1151 Et
425 1103 493 1167 quod
502 1104 614 1169 virgineo
624 1118 712 1153 cruore
723 1103 817 1168 gaudet

381 1186 471 1233 Annae
481 1185 630 1249 pomiferum
640 1200 728 1234 namus
739 1185 876 1236 Perennae.

381 1263 453 1314 Illinc
462 1264 600 1314 Flaminiae
611 1264 770 1330 Salariaeque

383 1344 502 1395 Gestator
512 1352 583 1409 patet
592 1345 679 1395 essedo
690 1352 796 1405 tacente,

381 1424 420 1473 Ne
430 1425 521 1475 blando
531 1432 587 1475 rota
598 1427 631 1475 sit
640 1426 744 1476 molesta
754 1442 848 1486 somno,

383 1504 464 1566 Quem
473 1522 519 1556 nec
529 1521 645 1571 rumpere
655 1508 783 1556 nauticum
793 1507 913 1570 celeuma,

383 1586 436 1637 Nec
446 1586 540 1637 clamor
550 1587 617 1638 valet
626 1588 807 1648 helciariorum,

383 1666 448 1717 Cum
459 1669 493 1717 ait
503 1674 555 1717 tam
565 1684 643 1735 prope
653 1668 773 1733 Mulvius,
783 1686 931 1736 sacrumque

383 1748 480 1815 Lapsae
490 1765 536 1814 per
547 1749 659 1800 liberim
669 1749 752 1800 volent
762 1753 868 1802 carinae

384 1829 439 1880 Hoc
450 1846 503 1892 rus,
516 1845 560 1879 seu
570 1831 654 1895 potius
664 1830 752 1881 domus
763 1833 874 1882 vocanda
883 1842 930 1895 eat,

383 1909 546 1960 Commendat
556 1911 683 1962 dominus:
700 1921 769 1962 tuam
780 1914 881 1978 putabis
890 1935 898 1980 3

383 1992 447 2041 Tam
458 2007 508 2041 non
518 1992 602 2042 invida
612 2000 713 2058 tamque
724 1993 843 2058 liberalia,

386 2073 450 2123 Tam
459 2074 525 2122 comi
533 2079 603 2138 patet
613 2074 788 2139 hospitalitate.

384 2154 478 2207 Credas
488 2154 588 2205 Alcinoi
599 2157 654 2220 pios
665 2154 781 2219 Penates,

385 2237 441 2285 Aut
452 2236 512 2286 facti
523 2236 596 2286 modo
607 2236 690 2286 divitis
701 2236 834 2286 Molorchi.

385 2317 440 2367 Vos
451 2332 517 2366 nunc
529 2319 612 2366 omnia
622 2333 699 2381 parva
710 2319 753 2382 qui
764 2318 867 2383 putatia,

384 2398 496 2448 Centeno
506 2398 617 2464 gelidum
626 2398 709 2465 ligone
720 2398 801 2449 Tibur

384 2478 434 2528 Vel
445 2479 580 2529 Praeneste
590 2480 689 2530 domate
699 2480 880 2546 pendulamque

385 2561 438 2610 Uni
448 2561 530 2610 dedite
542 2561 636 2611 Setiam
647 2561 748 2613 colono:

385 2644 453 2691 Dum
464 2658 504 2692 me
515 2642 595 2692 iudice
605 2642 779 2707 praeferantur
790 2643 846 2693 istie

384 2723 434 2772 Iuli
444 2724 532 2789 iugera
541 2739 621 2789 pauca
632 2723 764 2773 Martialis.

831 2805 890 2855 lxiv.
