2320 3590
352 453 557 497 Vulcanius.

112 544 147 594 At
156 561 242 595 secura
251 548 324 611 quies
334 555 361 596 et
372 549 458 597 nescia
468 549 556 598 fallere
567 549 629 612 vita,

112 625 183 676 Dives
194 643 267 693 opum
278 630 417 692 variarum,
429 637 455 678 at
466 630 524 679 latis
535 632 587 679 otia
598 631 692 692 fundis,

114 705 254 771 Speluncae,
265 712 368 776 vivique
379 711 459 767 lacus,
471 720 498 761 at
507 711 601 777 frigida
613 711 715 777 Tempe,

114 786 270 856 Mugitusque
280 792 366 855 boum,
377 793 514 857 mollesque
526 793 573 842 sub
584 794 673 842 arbore
684 796 765 843 somni

113 869 166 919 Non
176 872 285 939 absunt,
301 873 352 922 illic
364 875 444 923 saltus
453 891 482 923 ac
493 874 574 924 lustra
584 875 703 937 ferarum,

113 950 143 1000 Et
151 955 246 1015 patiens
255 970 363 1019 operum
374 957 518 1021 exiguoque
529 957 635 1006 adsueta
645 959 770 1015 iuventus,

114 1030 184 1084 Sacra
194 1036 279 1093 deum,
290 1038 421 1102 sanctique
430 1047 532 1102 patres3
550 1046 664 1087 extrema
675 1055 721 1104 per
733 1039 787 1088 illos

114 1114 205 1166 Iustitia
215 1118 342 1167 excedens
352 1120 429 1168 torris
442 1120 547 1184 vestigia
558 1119 624 1168 fecit.

142 1197 181 1247 Me
191 1216 249 1249 vero
260 1202 373 1265 primunr
384 1201 469 1250 dulces
481 1210 540 1250 aute
551 1204 635 1250 omnia
647 1201 748 1261 Musae,

114 1273 218 1334 Quarum
228 1293 304 1327 sacra
315 1278 369 1327 fero
380 1279 476 1343 ingenti
488 1293 622 1343 percussus
633 1295 728 1341 amore,

115 1355 247 1422 Accipient,
258 1358 376 1423 caelique
386 1361 440 1408 vias
450 1367 476 1408 et
486 1359 570 1408 sidera
581 1367 728 1422 monstrent,

116 1435 226 1490 Defectus
238 1442 300 1490 solis
313 1441 407 1502 varios,
418 1441 542 1504 lunaeque
553 1440 660 1503 labores,

117 1515 183 1568 Unde
193 1529 287 1571 tremor
298 1523 385 1584 terris,
396 1538 447 1587 qua
458 1523 483 1570 vi
495 1523 575 1571 maria
586 1521 639 1571 alta
650 1530 792 1571 tumescant

117 1596 235 1651 Obiicibus
244 1603 331 1668 ruptis
341 1618 480 1667 rursusque
492 1604 518 1652 in
530 1619 557 1652 se
567 1605 623 1668 ipsa
635 1603 755 1658 residant,

118 1677 178 1738 Quid
188 1690 284 1734 tantum
298 1683 399 1733 Oceano
410 1692 545 1749 properent
555 1702 582 1733 se
593 1686 707 1750 tinguere
719 1684 783 1733 soles

117 1759 221 1825 hiberni,
231 1766 270 1815 vel
283 1781 353 1830 quae
367 1766 448 1814 tardis
459 1781 529 1815 mora
541 1767 655 1816 noctibus
667 1766 757 1815 obstet.

117 1840 166 1905 Sin,
176 1844 219 1894 has
230 1863 261 1895 ne
272 1847 370 1912 possim
382 1854 489 1896 naturae
501 1847 618 1896 accedere
629 1848 718 1912 partis,

118 1915 226 1991 Frigidus
236 1929 368 1978 obstiterit
378 1930 474 1978 circum
485 1930 632 1993 praecordia
642 1930 752 1994 sanguis,

118 2002 181 2055 Bura
190 2009 249 2058 mihi
259 2019 286 2060 et
298 2010 370 2075 rigui
380 2009 495 2074 placeant
507 2011 534 2058 in
543 2010 652 2060 vallibus
664 2025 767 2074 amnes3

118 2085 223 2139 numina
232 2108 317 2141 amem
328 2091 453 2155 silvasque
465 2092 593 2157 inglorius.
628 2091 660 2153 0,
672 2092 715 2141 uhi
726 2091 808 2155 campi

118 2164 307 2237 Spercheusque,
319 2179 346 2221 et
356 2172 495 2238 virginibus
506 2173 626 2222 bacchata
637 2172 760 2222 Lacaenis

118 2247 237 2316 Taygeta!
254 2271 279 2318 o,
291 2255 339 2320 qui
350 2270 391 2303 me
401 2254 490 2319 gelidis
501 2254 656 2304 convallibus
667 2255 757 2302 Haemi

118 2327 196 2396 sistat,
205 2343 231 2385 et
242 2338 342 2403 ingenti
353 2351 481 2384 ramorum
492 2343 608 2401 protegat
619 2335 721 2385 umbra!

116 2410 189 2479 Felix,
198 2420 241 2482 qui
251 2419 338 2484 potuit
347 2433 432 2466 rerum
445 2434 593 2483 cognoscere
603 2410 714 2476 caussas,

117 2493 194 2559 Atque
204 2506 285 2548 metus
295 2498 379 2547 omnis
389 2506 416 2547 et
427 2499 580 2548 inexorabile
591 2500 673 2549 satum

117 2573 217 2629 Subiecit
227 2581 335 2646 pedibus
344 2582 525 2645 strepitumque
536 2581 688 2630 Acherontis
699 2582 782 2630 avari!

117 2655 260 2712 Fortunatus
271 2670 298 2712 et
309 2662 359 2719 ille,
370 2661 430 2711 deos
442 2663 486 2727 qui
496 2663 568 2711 novit
577 2663 693 2728 agrestis,

116 2734 225 2805 Panaque
232 2741 414 2807 Silvanumque
421 2757 504 2792 senem
512 2742 693 2808 Nymphasque
701 2757 798 2793 sorores

117 2818 184 2870 Illum
193 2838 243 2873 non
252 2823 341 2890 populi
352 2823 441 2882 fasces,
453 2839 503 2872 uon
515 2840 627 2889 purpura
638 2839 727 2889 regum

118 2896 194 2952 Flexit
203 2911 229 2954 et
238 2904 331 2954 infidos
342 2904 444 2970 agitans
454 2903 578 2953 discordia
588 2903 688 2967 fratres,
