2304 3590
277 412 528 479 PERVIGILlUM
555 409 722 454 VENERIS.
803 423 849 468 325

179 503 232 553 Nec
238 505 315 556 Ceres
322 506 485 555 necBucchus
492 506 583 556 absunt
594 521 640 555 nec
647 511 776 570 puetarum
783 502 850 551 deus.

179 584 322 636 Detinenda
334 595 387 637 tota
399 605 450 637 nox
461 596 508 650 est,
517 588 683 653 perviglanda
694 580 804 636 canticis.

177 666 277 732 Regnet
288 670 314 717 in
322 669 391 718 silvis
402 669 492 732 Dione,
504 678 533 719 tu
543 671 631 720 recede
643 669 723 718 Delia.

147 748 209 799 Cras
223 754 291 800 umet
304 753 349 815 qui
361 768 490 816 nunquam
504 755 606 815 amavit,
618 754 710 818 quique
725 751 818 799 amavit

244 847 300 882 cras
311 841 384 883 umet.

177 912 255 963 lussit
263 914 385 978 Hyblaeis
397 915 506 965 tribunal
516 923 583 964 stare
595 916 653 965 diva
661 915 771 964 floribus.

176 992 282 1042 Praeses
293 996 347 1060 ipsa
359 997 415 1044 iura
426 996 500 1054 dicet,
511 996 659 1045 adsidebunt
671 996 783 1046 Gratiae.

179 1074 265 1139 Hybla
271 1082 336 1125 totos
347 1076 423 1125 funde
431 1077 514 1140 flores,
521 1078 642 1142 quidquid
651 1093 731 1125 annus
742 1076 847 1125 adtulit:

179 1155 265 1220 Hybla
286 1157 375 1206 florum
395 1174 465 1207 sume
484 1169 585 1219 vestem,
603 1166 711 1222 quantus
728 1157 828 1206 Aetnae

241 1254 343 1303 campus
354 1247 397 1289 est.

178 1318 257 1368 Ruris
269 1320 310 1369 hic
321 1329 396 1370 erunt
406 1320 504 1385 puellae
516 1321 555 1369 vel
566 1320 663 1385 puellae
674 1320 794 1368 montium

178 1400 299 1465 Quaeque
310 1402 384 1450 silvas
396 1418 509 1467 quaeque
522 1401 591 1450 lucos
605 1415 719 1467 quaeque
734 1401 815 1451 fontes

242 1483 361 1532 incolunt.

179 1557 256 1613 luesit
266 1579 352 1613 omnes
364 1564 477 1613 adsidere
487 1572 568 1614 mater
577 1565 644 1614 alitis
654 1565 703 1625 dei,

179 1645 259 1695 Iussit
269 1654 296 1694 et
305 1647 373 1695 nudo
384 1647 479 1712 puellas
489 1647 525 1694 nil
537 1648 622 1695 Amori
632 1646 740 1695 credere.

145 1723 205 1774 Cras
221 1737 288 1776 amet
305 1728 349 1791 qui
366 1743 495 1793 nunquam
512 1729 614 1789 amavit,
633 1729 728 1792 quique
747 1730 839 1777 amavit

241 1824 297 1857 crus
308 1816 381 1858 amet.

177 1888 240 1938 Eece
251 1891 301 1938 iam
312 1890 397 1939 subter
408 1897 523 1955 genestae
534 1890 661 1955 explicant
672 1891 824 1951 tauriacus,

177 1969 288 2035 Quisque
300 1977 370 2020 tutus
381 1987 431 2035 quo
442 1979 542 2021 tenetur
553 1973 680 2037 coniugali
691 1973 802 2022 foedere:

179 2049 374 2101 Subterumbres
381 2069 438 2101 cum
446 2054 545 2102 maritis
553 2069 609 2103 ecce
616 2054 744 2103 balantum
750 2069 845 2120 greges.

176 2133 209 2181 Et
219 2149 323 2183 canoras
334 2149 384 2182 non
394 2140 476 2183 tacere
487 2135 543 2183 diva
554 2135 627 2183 iussit
637 2135 714 2184 alites.

176 2213 231 2261 Ium
238 2214 354 2278 loquaces
363 2230 406 2263 ore
413 2231 489 2264 rauco
496 2224 585 2281 stagna
594 2219 666 2282 cycni
674 2224 846 2282 perstrepunt:

177 2294 292 2371 Adsonat
304 2296 378 2345 Terei
388 2297 472 2361 puella
484 2297 569 2346 subter
579 2298 693 2346 umbram
704 2297 798 2362 populi,

178 2375 214 2425 Ut
226 2384 298 2440 putes
308 2384 390 2426 motus
403 2377 495 2427 amoris
506 2393 550 2426 ore
562 2378 613 2427 dici
624 2380 719 2427 musico

179 2457 213 2505 Et
224 2474 301 2523 neges
312 2459 384 2521 queri
395 2474 504 2507 sororem
517 2459 547 2508 de
558 2461 649 2509 marito
660 2460 777 2509 barbaro.

177 2537 627 2601 lllacuntatmcstaoemus-Quando
632 2543 746 2591 vervenit
751 2543 846 2591 meum?

179 2618 285 2679 Quando
296 2619 355 2667 fiam
367 2623 406 2669 uti
416 2621 528 2670 chelidun
540 2631 566 2671 et
576 2631 658 2672 tacere
670 2623 800 2672 desinam?

178 2700 280 2750 Perdidi
292 2700 393 2749 Musam
404 2702 509 2751 tacendo
519 2719 564 2752 nec
575 2719 615 2751 me
627 2703 720 2767 Apollo
732 2705 845 2768 respicit:

179 2783 220 2830 b'ic
231 2781 363 2845 Amyclas,
374 2797 431 2830 cum
441 2790 561 2845 tacerent,
573 2783 682 2847 perdidit
692 2785 826 2836 silentium.

147 2860 208 2912 Cras
226 2870 292 2911 amet
310 2864 354 2927 qui
375 2879 504 2929 nunquam
521 2865 622 2922 amavit,
642 2865 735 2929 quique
753 2869 845 2919 amavit

243 2960 299 2994 cras
310 2951 383 2994 emet.
