2360 3598
295 417 310 454 2
437 403 668 446 ANTHOLOGIA
688 403 830 446 LATINA.

293 496 349 561 Ego
359 511 413 544 sum
422 496 463 544 ille
475 511 521 545 rex
531 496 673 560 Philippus!
695 497 717 545 Ο
730 495 839 560 lepidum
849 495 926 544 diem!

296 576 361 624 Nem
372 583 400 624 ut
410 576 501 624 dudum
512 576 569 624 hinc
580 576 639 636 obii,
651 575 729 624 multo
739 576 781 624 illo
793 576 879 624 adveni
888 575 966 639 prior,

296 655 425 718 Multoque
435 657 504 720 prius
514 671 553 703 me
563 655 687 704 conlocavi
699 656 725 702 in
736 656 858 711 arborem,

262 770 278 793 s
296 731 404 795 Indeque
422 731 602 795 exspectabam,
620 731 663 779 ubi
682 746 769 778 eurum
791 730 950 779 abstrudebct

391 827 472 860 senex.

296 892 349 940 Ubi
359 891 401 939 ille
412 892 481 952 abiit,
491 906 537 955 ego
548 906 586 938 me
598 891 710 938 deorsum
721 890 783 938 duco
794 890 824 937 de
835 890 921 938 arbore
930 909 938 954 3

296 971 403 1020 Exfodio
413 970 494 1018 aulem
506 971 560 1018 auri
570 969 675 1034 plenam.
708 970 770 1017 Inde
780 985 848 1018 exeo.
880 969 940 1017 Ilico

296 1051 379 1098 Video
388 1051 496 1113 recipere
506 1065 532 1097 se
543 1063 639 1112 senem3
656 1049 697 1097 ille
706 1064 746 1096 me
755 1065 805 1096 non
814 1049 886 1097 videt.

297 1132 362 1179 Nem
373 1109 629 1211 egoimodfldeclinevi
639 1130 738 1192 paulum
750 1129 806 1177 med
816 1135 888 1177 extre
899 1130 972 1184 vium.

297 1211 368 1270 Atel,
379 1225 462 1257 eccum
472 1209 569 1272 ipsum!
591 1207 636 1255 Ibo
646 1216 675 1255 ut
685 1208 732 1256 hoc
742 1208 844 1256 condam
855 1208 961 1256 domum.

328 1292 416 1336 Euclio.
434 1287 501 1335 Perii
503 1288 594 1361 interii
604 1287 693 1336 occidi!
720 1287 776 1347 Quo
785 1287 899 1335 currem?
918 1303 968 1350 quo

424 1382 473 1415 non
483 1367 597 1415 currum?

392 1447 458 1495 Tene
469 1454 525 1495 tene
534 1446 655 1505 z-Quem
666 1447 721 1509 quis
729 1446 773 1492 l-

298 1527 400 1575 Nescio:
421 1526 455 1573 nil
470 1526 554 1574 video:
578 1541 663 1574 caecus
676 1541 705 1573 eo
720 1531 794 1587 etque
809 1526 921 1588 equidem
935 1541 985 1588 quo

398 1621 452 1655 eam
464 1612 507 1653 cul
518 1605 561 1653 ubi
572 1607 617 1652 sim
628 1612 672 1653 aut
682 1607 726 1669 qui
737 1606 792 1666 sim,

298 1687 400 1750 Nequeo
414 1701 470 1734 cum
486 1686 567 1732 enimc
582 1692 675 1733 eertum
692 1685 847 1749 investigere.
879 1685 986 1735 Obsecro

394 1779 437 1812 vos
449 1779 505 1828 ego,
516 1763 687 1824 mihiauxilio,

300 1843 350 1892 Oro
365 1844 482 1903 obceslor,
494 1845 556 1904 sitis,
573 1850 598 1891 et
610 1843 733 1891 hominem
747 1844 919 1893 demonstretis
931 1846 975 1907 qui

396 1940 451 1973 eam
461 1924 598 1972 abstulerit.

332 2002 398 2062 Quid
405 2003 459 2052 est?
479 2003 539 2065 quid
548 2003 652 2051 ridetis?
672 2002 738 2051 Novi
747 2005 840 2052 omnis:
856 2005 905 2052 scio
918 2003 986 2051 fures

395 2098 448 2131 esse
458 2083 498 2130 hic
509 2083 639 2146 conpluris,

302 2164 351 2224 Qui
367 2165 461 2212 vestitu
477 2171 502 2210 el
521 2170 588 2289 opple
603 2163 727 2212 occultunt
743 2179 795 2212 sese
812 2171 885 2227 atque
901 2163 986 2250 sedqnt

397 2242 467 2305 quasi
480 2242 529 2289 sint
549 2243 614 2305 rugi.

334 2320 400 2380 Quid
406 2323 442 2369 uis
452 2321 500 2369 tu?
521 2320 577 2369 Tibi
588 2321 687 2370 credere
698 2328 792 2370 certum
800 2328 849 2370 est:
867 2336 924 2368 nam
933 2325 986 2369 ess'e

395 2400 486 2448 bonum
496 2416 510 2448 e
521 2400 588 2448 voltu
599 2416 724 2465 cognosce.

302 2480 357 2541 Em,
367 2495 438 2527 nemo
449 2479 522 2526 hebet
538 2479 791 2540 horum-Occidisti!
813 2479 860 2526 Dic
876 2479 954 2541 igitur
964 2481 987 2528 si

396 2558 451 2621 quis
462 2558 544 2607 habet.
578 2558 682 2607 Nescis?
735 2575 737 2579 ·

304 2639 359 2686 Heu
381 2653 419 2686 me
435 2639 567 2686 miserum!
585 2639 673 2687 misere
689 2638 767 2702 periil
791 2636 858 2686 Male
876 2638 987 2702 perditus

396 2732 508 2780 pessume
519 2724 620 2780 ornqtus
630 2732 675 2766 eo:

304 2797 410 2846 Tantum
423 2798 508 2861 gemiti
523 2803 549 2846 et
564 2798 643 2845 maluo
657 2799 793 2849 maestitiae
809 2798 849 2847 hic
863 2798 915 2847 dies
926 2799 987 2847 mihi

396 2876 492 2941 optulit,
