2360 3598
474 395 706 448 ANTHOLOGIA
731 387 875 435 LATJNA.

353 761 356 764 s
377 833 383 852 Ι
400 781 450 856 ξς)
455 774 553 827 CMEN
564 770 699 837 Septimius
710 758 874 816 suosamoras

338 854 340 859 ¹
362 858 371 865 ”
382 848 451 928 sb
473 859 569 907 Tenem
583 856 610 902 in
623 850 717 918 gremio
729 851 736 875 ‘
747 846 815 895 mea'
826 842 909 907 inquit
921 842 927 865 ‘
938 840 1030 907 Acme,

340 963 383 1000 κν
421 926 452 991 all
474 941 507 988 Ni
519 947 543 988 te
554 935 650 1005 perdite
661 946 717 980 amo
728 936 803 993 atqua
814 938 899 973 amare
910 935 987 985 porro

398 1024 490 1073 Omnes
501 1034 555 1069 sum
566 1015 663 1066 assidue
674 1018 776 1078 paratus
786 1020 864 1055 annos

397 1105 524 1166 Quantum
536 1101 579 1164 qui
591 1105 646 1162 pote
656 1093 790 1159 plurimum
800 1087 891 1153 perire,

402 1185 474 1235 Solus
485 1184 511 1231 in
522 1179 603 1245 Lybia
613 1176 734 1238 Indiaque
745 1178 810 1219 tosta

399 1266 487 1336 Caesio
498 1263 595 1311 veniam
605 1258 691 1306 obvius
701 1253 785 1302 leoni)

400 1347 456 1395 Hoc
466 1353 495 1395 ut
506 1343 581 1402 dixit,
592 1338 673 1385 Amos·
684 1336 785 1383 sinistra
797 1338 825 1379 ut
836 1336 903 1388 ante,

400 1428 524 1476 Dextram
534 1421 640 1471 sternuit
651 1414 862 1482 approbationem.

401 1558 440 1605 At
449 1555 529 1603 Acme
539 1550 627 1598 leviter
636 1552 712 1610 caput
721 1541 858 1598 reflectens,

402 1636 436 1685 Et
446 1634 525 1683 dulcis
536 1631 607 1696 pueri
619 1628 701 1677 ebrios
711 1623 800 1674 ocellos

402 1716 449 1765 Illo
460 1728 584 1778 purpureo
595 1726 638 1758 ore
650 1709 753 1765 saviata,

403 1795 478 1856 ‘Sic,'
489 1793 571 1858 inquit
581 1793 652 1837 ‘mea
663 1789 714 1835 vita
726 1780 871 1849 Septimille,

403 1874 470 1923 Huic
481 1874 526 1921 uni
538 1872 637 1920 domino
648 1882 727 1931 usque
739 1864 883 1918 serviamus,

404 1954 441 2003 Ut
452 1954 531 2002 missto
541 1953 605 2001 mihi
615 1952 695 1998 maior
706 1947 836 2008 acriorque

402 2033 473 2097 Ignis
484 2032 599 2081 mollibus
611 2030 683 2079 ardet
693 2031 719 2077 in
730 2023 862 2075 medullis!

402 2113 458 2162 Hoc
470 2124 499 2162 ut
509 2114 584 2175 dixit,
595 2114 676 2160 Amor
687 2110 789 2158 sinistra
800 2112 829 2154 ut
839 2110 905 2160 ante,

401 2192 528 2241 Dextram
540 2194 647 2242 sternuit
655 2189 866 2256 approbationem.

400 2318 477 2369 Nunc
488 2322 521 2370 ab
532 2321 643 2385 auspicio
654 2318 719 2366 bono
730 2317 837 2383 proiecti

398 2396 501 2447 Mutuis
512 2402 602 2448 animis
612 2405 698 2446 amant
708 2403 835 2445 amantur.

394 2472 483 2525 Unam
497 2478 633 2543 Septimius
645 2477 756 2525 misellus
769 2477 870 2524 Acmen

397 2551 502 2605 Mavult
514 2572 589 2622 quam
603 2558 690 2622 Syrias
700 2556 912 2618 Britanniasquc=

396 2627 458 2680 Uno
470 2635 498 2682 in
511 2637 633 2702 Septimio
646 2637 727 2685 tidelis
742 2640 821 2685 Acme

395 2707 473 2760 Facit
484 2715 589 2767 delicias
601 2717 770 2781 libidinisque.

393 2785 462 2876 Q'Jis
474 2794 543 2844 ullos
557 2798 670 2846 homines
681 2797 807 2845 beatiores

390 2861 482 2931 Vidit,
495 2877 555 2936 quis
567 2877 692 2926 Veneram
706 2874 923 2940 suspicationem?
