2304 3590
419 410 576 453 STATIUS.

453 577 536 614 cxcn.

290 716 340 752 v11.
371 700 554 756 Genethliacon
568 703 675 757 Lucani.

164 803 277 916 Q&
286 832 400 883 UCANI
411 836 540 900 proprium
553 836 619 885 diem
631 836 772 901 frequentet

163 890 189 996 ᾗ,
208 874 225 936 i
237 889 252 911 '²
260 898 277 1012 ,j
301 909 422 975 Quisquis
433 911 538 961 collibus
550 914 668 962 Isthmiae
680 915 783 988 Diones,

185 891 272 1006 lt

167 1012 221 1033 em
301 987 381 1037 Docto
393 995 492 1053 pectora
503 992 640 1040 concitatus
650 999 740 1059 oestm,

159 1068 297 1117 Pendentis
307 1068 371 1117 bibit
381 1070 490 1135 ungules
500 1071 663 1134 liquorem.-

158 1147 290 1196 ananum
301 1148 422 1205 canimus,
433 1148 514 1197 favete
524 1150 625 1214 linguis,

162 1227 260 1276 Vestra
270 1233 309 1276 est
319 1228 368 1277 ista
378 1227 440 1289 dies,
451 1228 542 1291 favete,
552 1231 651 1290 Musae,

159 1305 228 1353 Dum
239 1304 285 1369 qui
296 1320 340 1353 vos
349 1305 462 1369 geminas
473 1306 532 1356 tulit
542 1323 588 1371 per
598 1316 667 1357 artes

158 1387 192 1435 Et
202 1388 301 1436 vinctae
312 1386 374 1451 pede
386 1387 454 1436 vocis
464 1396 491 1436 et
500 1388 604 1452 solutae,

158 1470 267 1519 Romani
279 1468 369 1519 colitur
378 1468 447 1518 chori
458 1470 581 1521 sacerdos.

158 1551 232 1599 Felix
243 1550 295 1599 heu
306 1551 379 1599 nimis
389 1559 415 1600 et
426 1551 500 1600 beata
510 1552 593 1615 tellus,

158 1631 229 1692 Quae
240 1646 333 1696 pronos
344 1632 497 1697 Hyperionis
506 1642 604 1685 meatus

159 1711 269 1762 Summis
280 1712 363 1761 oceani
376 1712 444 1762 vides
453 1715 479 1762 in
489 1716 572 1779 undis,

160 1791 349 1857 Stridoremque
358 1801 428 1843 rotae
438 1794 548 1845 cadentis
559 1797 640 1861 audis,

164 1874 237 1934 Quae
248 1873 378 1923 Tritonide
387 1874 481 1924 fertiles
490 1875 606 1927 Athenas

157 1955 258 2016 Unctis,
269 1954 381 2016 Baetice,
391 1971 510 2019 provocas
522 1960 633 2022 trapetis,

160 2036 292 2086 Lucanum
304 2044 376 2101 potes
383 2037 499 2101 inputare
510 2040 590 2088 terris.

161 2118 216 2167 Hoc
227 2117 284 2182 plus
296 2132 372 2181 quam
385 2116 503 2168 Senecam
514 2119 611 2170 dedisse
621 2122 715 2173 mundo

161 2200 216 2249 Aut
226 2198 324 2248 dulcem
333 2214 466 2263 generasse
477 2199 627 2250 Gallionem.

161 2280 271 2330 Attollat
280 2280 372 2330 refluos
382 2282 408 2330 in
418 2291 488 2331 astra
498 2283 579 2332 fontes

163 2362 241 2411 Graio
250 2362 358 2411 nobilior
369 2362 461 2413 Melete
471 2364 563 2415 Baetis.

161 2441 259 2506 Baetin,
269 2444 386 2507 Mantua,
396 2462 530 2511 provocare
540 2448 598 2499 noli

162 2524 256 2574 Natum
266 2527 381 2590 protinus
391 2534 466 2591 atque
476 2529 580 2579 humum
591 2546 636 2594 per
646 2531 725 2595 ipsam

161 2604 245 2655 Primo
254 2621 383 2655 murmure
394 2607 466 2657 dulce
477 2611 617 2675 vagientem

162 2682 257 2734 Blando
268 2683 381 2749 Calliope
393 2688 449 2735 sinu
459 2690 558 2753 recepit.

162 2765 227 2816 Tum
238 2768 350 2832 primum
361 2769 441 2832 posito
452 2771 556 2819 remissa
566 2770 635 2822 luctu

160 2848 260 2916 Longos
272 2848 390 2913 Orpheos
401 2852 473 2901 exuit
484 2852 582 2902 dolores
597 2842 599 2848 ¹
