2310 3592
300 400 345 443 188
427 380 660 432 ANrflotomA
685 374 833 421 LATINA.

299 490 368 538 Ante
377 487 437 536 ferit
446 485 573 550 quoniam,
583 480 632 530 tuti
643 491 719 542 quam
729 473 854 523 cernimus
863 467 967 519 hostem,

333 569 386 618 Nee
397 569 529 633 quisquam
536 580 571 612 ex
579 562 623 612 illo
632 559 735 609 vulnere
745 568 822 604 sanus
830 549 893 599 abit.

301 647 333 696 In
343 661 382 695 ma
392 645 443 694 tela
453 647 564 703 manent,
572 643 657 687 manet
666 643 692 684 et
703 630 807 698 puerilis
817 630 901 691 imago
910 643 918 687 3

336 728 385 777 Sed
395 735 463 776 certa
473 738 568 789 pennae
578 718 686 785 perdidit
696 716 738 764 ille
748 727 824 763 suast

302 809 393 859 Evolat
403 808 466 856 heu!
482 812 568 854 nostro
579 801 697 866 quoniam
705 797 735 845 de
745 801 846 859 pectore
857 798 984 851 nusquam,

336 890 511 953 Assiduusqua
523 902 578 934 meo
589 883 710 947 sanguine
717 877 784 928 bella
794 876 867 941 gerit

304 972 373 1033 Quid
383 971 428 1020 tibi
438 967 571 1018 iocundum
582 965 654 1014 sidcis
663 961 778 1010 habitare
789 952 922 1005 medullis?

339 1051 367 1100 Si
377 1051 458 1116 pudor
467 1055 514 1111 est,
525 1047 574 1096 alio
585 1045 672 1096 traiioe
683 1041 735 1091 tela
745 1047 795 1088 tua
863 1083 867 1089 ,

307 1133 418 1182 Intaetos
427 1133 476 1181 isto
486 1130 565 1179 satius
575 1134 672 1176 tentare
682 1137 777 1171 veneno
787 1138 794 1169 ι

339 1214 398 1262 Non
409 1228 465 1278 ego,
476 1210 521 1260 sed
531 1209 613 1258 tenuis
623 1206 726 1270 vapulat
736 1202 825 1251 umbra
835 1213 907 1261 mea3

307 1294 389 1354 Quam
402 1294 423 1341 si
433 1291 579 1357 perdideris,
591 1290 648 1353 quis
657 1288 706 1335 erit
716 1286 761 1349 qui
770 1282 833 1332 talia
841 1277 945 1329 cantet?

341 1375 410 1423 Haec
420 1389 475 1422 mea
486 1372 561 1420 Musa
571 1369 635 1418 levis
645 1367 725 1433 gloria
736 1378 829 1429 magna
838 1370 884 1412 tua
893 1367 940 1420 est,

309 1456 381 1516 Quae
391 1462 467 1520 caput
477 1461 504 1502 et
513 1451 605 1516 digitos
616 1457 642 1498 et
652 1449 747 1497 lumina
758 1446 831 1510 nigra
841 1442 947 1508 puellae,

342 1533 376 1581 Et
386 1532 453 1581 canit
463 1539 493 1579 ut
504 1529 599 1579 soleant
609 1525 718 1575 molliter
729 1524 766 1572 ire
777 1521 861 1587 pedes.

833 1604 901 1665 Elep.
913 1599 947 1648 ιιι.

605 1741 721 1779 cxxxrx.
733 1727 758 1789 θ

387 1830 434 1883 Ad
449 1830 593 1899 Cynthium,
608 1826 639 1878 de
654 1824 779 1878 insomnio
793 1819 940 1889 naufragii.

410 2189 493 2246 fateri,

346 2270 461 2318 Nerium
472 2269 577 2316 humore
588 2280 678 2329 graves
689 2262 776 2312 tollere
787 2276 861 2326 posse
871 2273 968 2320 comas3

314 2349 420 2409 Qualem
431 2345 564 2412 purpureis
575 2345 699 2408 agitatam
710 2340 829 2390 fluctibus
841 2338 941 2399 Hellen,

346 2429 435 2475 Aurea
446 2440 521 2489 quam
532 2422 602 2472 molli
614 2431 716 2488 tergore
727 2423 796 2471 vexit
807 2422 869 2469 ovis.

314 2508 396 2567 Quam
405 2508 488 2566 timui,
499 2519 530 2551 ne
541 2502 608 2551 forte
618 2511 692 2552 tuum
701 2519 772 2553 mare
783 2517 875 2551 nomen
885 2498 993 2557 haberet,

189 2619 195 2629 ·
270 2569 330 2663 ᾗ,
347 2589 433 2648 Atque
443 2592 488 2633 tua
499 2583 585 2632 labens
596 2585 685 2633 navita
696 2584 768 2634 lieret
779 2583 861 2646 aqua!

313 2665 385 2724 Quae
395 2673 449 2790 tpm
460 2678 508 2728 ego
520 2661 649 2725 Neptune,
662 2680 727 2727 quae
738 2672 792 2714 tum
804 2679 863 2712 eum
873 2660 975 2711 Castore

422 2745 494 2803 ratri,

346 2821 466 2884 Quaeque
476 2821 523 2870 tibi
533 2824 624 2888 excepi
635 2825 688 2873 iam
699 2826 749 2876 dea
761 2806 921 2895 leucothoe!
