<?xml version="1.0" encoding="UTF-8"?>
<!DOCTYPE html PUBLIC "-//W3C//DTD XHTML 1.0 Transitional//EN"
    "http://www.w3.org/TR/xhtml1/DTD/xhtml1-transitional.dtd">
<html xmlns="http://www.w3.org/1999/xhtml" xml:lang="en" lang="en">
 <head>
  <title>
</title>
<meta http-equiv="Content-Type" content="text/html;charset=utf-8" />
  <meta name='ocr-system' content='tesseract 3.04.00' />
  <meta name='ocr-capabilities' content='ocr_page ocr_carea ocr_par ocr_line ocrx_word'/>
</head>
<body>
  <div class='ocr_page' id='page_1' title='image "./anthologialatin02thacgoog_0348.png"; bbox 0 0 2304 3590; ppageno 0'>
   <div class='ocr_carea' id='block_1_1' title="bbox 268 335 847 427">
    <p class='ocr_par' dir='ltr' id='par_1_1' title="bbox 268 335 847 427">
     <span class='ocr_line' id='line_1_1' title="bbox 268 335 847 427; baseline 0.005 -16"><span class='ocrx_word' id='word_1_1' title='bbox 268 365 519 413; x_wconf 74' lang='lat' dir='ltr'><strong>ruarrerurun</strong></span> <span class='ocrx_word' id='word_1_2' title='bbox 547 335 738 410; x_wconf 49' lang='lat' dir='ltr'><strong>remeares</strong></span> <span class='ocrx_word' id='word_1_3' title='bbox 800 381 847 427; x_wconf 80' lang='lat'><strong>323</strong></span> 
     </span>
    </p>
   </div>
   <div class='ocr_carea' id='block_1_2' title="bbox 175 462 753 531">
    <p class='ocr_par' dir='ltr' id='par_1_2' title="bbox 175 462 753 531">
     <span class='ocr_line' id='line_1_2' title="bbox 175 462 753 531; baseline -0.01 -15"><span class='ocrx_word' id='word_1_4' title='bbox 175 466 284 531; x_wconf 83' lang='lat' dir='ltr'><strong>inplicat</strong></span> <span class='ocrx_word' id='word_1_5' title='bbox 292 480 364 514; x_wconf 86' lang='lat' dir='ltr'><strong>casas</strong></span> <span class='ocrx_word' id='word_1_6' title='bbox 375 465 477 513; x_wconf 86' lang='lat' dir='ltr'><strong>virentis</strong></span> <span class='ocrx_word' id='word_1_7' title='bbox 489 463 519 512; x_wconf 87' lang='lat' dir='ltr'><strong>de</strong></span> <span class='ocrx_word' id='word_1_8' title='bbox 529 462 629 528; x_wconf 85' lang='lat' dir='ltr'><strong>flagello</strong></span> <span class='ocrx_word' id='word_1_9' title='bbox 642 468 753 528; x_wconf 86' lang='lat' dir='ltr'><strong>myrteo:</strong></span> 
     </span>
    </p>
   </div>
   <div class='ocr_carea' id='block_1_3' title="bbox 176 544 763 642">
    <p class='ocr_par' dir='ltr' id='par_1_3' title="bbox 176 544 763 642">
     <span class='ocr_line' id='line_1_3' title="bbox 176 544 763 642; baseline -0.009 -44"><span class='ocrx_word' id='word_1_10' title='bbox 176 548 333 642; x_wconf 68' lang='lat' dir='ltr'><strong>CrasPione</strong></span> <span class='ocrx_word' id='word_1_11' title='bbox 345 548 401 640; x_wconf 65' lang='lat' dir='ltr'><strong>ipra</strong></span> <span class='ocrx_word' id='word_1_12' title='bbox 411 545 546 642; x_wconf 45' lang='lat' dir='ltr'><strong>dieitfulta</strong></span> <span class='ocrx_word' id='word_1_13' title='bbox 557 545 656 639; x_wconf 68' lang='lat' dir='ltr'><strong>suplimi</strong></span> <span class='ocrx_word' id='word_1_14' title='bbox 667 544 763 639; x_wconf 59' lang='lat' dir='ltr'><strong>thpona</strong></span> 
     </span>
    </p>
   </div>
   <div class='ocr_carea' id='block_1_4' title="bbox 146 675 853 2215">
    <p class='ocr_par' dir='ltr' id='par_1_4' title="bbox 146 675 853 2215">
     <span class='ocr_line' id='line_1_4' title="bbox 146 675 838 741; baseline -0.007 -13"><span class='ocrx_word' id='word_1_15' title='bbox 146 679 209 728; x_wconf 83' lang='lat' dir='ltr'><strong>Cras</strong></span> <span class='ocrx_word' id='word_1_16' title='bbox 224 688 291 727; x_wconf 89' lang='lat' dir='ltr'><strong>amet</strong></span> <span class='ocrx_word' id='word_1_17' title='bbox 309 677 353 741; x_wconf 74' lang='lat' dir='ltr'><strong>qui</strong></span> <span class='ocrx_word' id='word_1_18' title='bbox 369 691 498 740; x_wconf 90' lang='lat' dir='ltr'><strong>nunquam</strong></span> <span class='ocrx_word' id='word_1_19' title='bbox 517 675 728 739; x_wconf 36' lang='lat' dir='ltr'><strong>amavitpquique</strong></span> <span class='ocrx_word' id='word_1_20' title='bbox 745 676 838 723; x_wconf 84' lang='lat' dir='ltr'><strong>amavit</strong></span> 
     </span>
     <span class='ocr_line' id='line_1_5' title="bbox 243 765 386 808; baseline -0.007 0"><span class='ocrx_word' id='word_1_21' title='bbox 243 775 300 808; x_wconf 86' lang='lat' dir='ltr'><strong>eras</strong></span> <span class='ocrx_word' id='word_1_22' title='bbox 310 765 386 807; x_wconf 88' lang='lat' dir='ltr'><strong>amet.</strong></span> 
     </span>
     <span class='ocr_line' id='line_1_6' title="bbox 178 838 790 906; baseline -0.005 -15"><span class='ocrx_word' id='word_1_23' title='bbox 178 843 237 906; x_wconf 84' lang='lat' dir='ltr'><strong>Ipsa</strong></span> <span class='ocrx_word' id='word_1_24' title='bbox 247 841 370 890; x_wconf 81' lang='lat' dir='ltr'><strong>Troianos</strong></span> <span class='ocrx_word' id='word_1_25' title='bbox 381 846 485 905; x_wconf 86' lang='lat' dir='ltr'><strong>penates</strong></span> <span class='ocrx_word' id='word_1_26' title='bbox 496 840 523 888; x_wconf 95' lang='lat' dir='ltr'><strong>in</strong></span> <span class='ocrx_word' id='word_1_27' title='bbox 533 838 637 888; x_wconf 85' lang='lat' dir='ltr'><strong>Latinos</strong></span> <span class='ocrx_word' id='word_1_28' title='bbox 649 838 790 888; x_wconf 82' lang='lat' dir='ltr'><strong>transtulit:</strong></span> 
     </span>
     <span class='ocr_line' id='line_1_7' title="bbox 178 919 812 988; baseline -0.005 -17"><span class='ocrx_word' id='word_1_29' title='bbox 178 923 239 988; x_wconf 83' lang='lat' dir='ltr'><strong>Ipsa</strong></span> <span class='ocrx_word' id='word_1_30' title='bbox 248 921 401 971; x_wconf 85' lang='lat' dir='ltr'><strong>Laurentem</strong></span> <span class='ocrx_word' id='word_1_31' title='bbox 408 921 517 986; x_wconf 80' lang='lat' dir='ltr'>puellam</span> <span class='ocrx_word' id='word_1_32' title='bbox 526 921 655 986; x_wconf 84' lang='lat' dir='ltr'><strong>coniugem</strong></span> <span class='ocrx_word' id='word_1_33' title='bbox 666 926 725 969; x_wconf 87' lang='lat' dir='ltr'><strong>nate</strong></span> <span class='ocrx_word' id='word_1_34' title='bbox 735 919 812 981; x_wconf 81' lang='lat' dir='ltr'>dedit,</span> 
     </span>
     <span class='ocr_line' id='line_1_8' title="bbox 177 1001 850 1068; baseline -0.006 -14"><span class='ocrx_word' id='word_1_35' title='bbox 177 1004 292 1068; x_wconf 88' lang='lat' dir='ltr'>Moxque</span> <span class='ocrx_word' id='word_1_36' title='bbox 303 1003 383 1053; x_wconf 85' lang='lat' dir='ltr'><strong>Marti</strong></span> <span class='ocrx_word' id='word_1_37' title='bbox 393 1004 424 1052; x_wconf 92' lang='lat' dir='ltr'><strong>de</strong></span> <span class='ocrx_word' id='word_1_38' title='bbox 436 1002 526 1052; x_wconf 87' lang='lat' dir='ltr'><strong>sacello</strong></span> <span class='ocrx_word' id='word_1_39' title='bbox 537 1001 580 1051; x_wconf 89' lang='lat' dir='ltr'><strong>dat</strong></span> <span class='ocrx_word' id='word_1_40' title='bbox 590 1001 706 1067; x_wconf 87' lang='lat' dir='ltr'><strong>pudieam</strong></span> <span class='ocrx_word' id='word_1_41' title='bbox 719 1003 850 1068; x_wconf 84' lang='lat' dir='ltr'><strong>virginem,</strong></span> 
     </span>
     <span class='ocr_line' id='line_1_9' title="bbox 178 1083 850 1148; baseline -0.003 -13"><span class='ocrx_word' id='word_1_42' title='bbox 178 1085 254 1135; x_wconf 85' lang='lat' dir='ltr'>Unde</span> <span class='ocrx_word' id='word_1_43' title='bbox 266 1086 376 1134; x_wconf 81' lang='lat' dir='ltr'><strong>Ramnes</strong></span> <span class='ocrx_word' id='word_1_44' title='bbox 386 1091 412 1134; x_wconf 89' lang='lat' dir='ltr'><strong>et</strong></span> <span class='ocrx_word' id='word_1_45' title='bbox 422 1083 533 1145; x_wconf 81' lang='lat' dir='ltr'><strong>Quirites</strong></span> <span class='ocrx_word' id='word_1_46' title='bbox 543 1098 638 1148; x_wconf 86' lang='lat' dir='ltr'>proque</span> <span class='ocrx_word' id='word_1_47' title='bbox 648 1083 718 1147; x_wconf 86' lang='lat' dir='ltr'><strong>prole</strong></span> <span class='ocrx_word' id='word_1_48' title='bbox 724 1091 850 1148; x_wconf 84' lang='lat' dir='ltr'><strong>posterum</strong></span> 
     </span>
     <span class='ocr_line' id='line_1_10' title="bbox 179 1166 842 1232; baseline -0.006 -14"><span class='ocrx_word' id='word_1_49' title='bbox 179 1169 315 1218; x_wconf 86' lang='lat' dir='ltr'><strong>Romulum</strong></span> <span class='ocrx_word' id='word_1_50' title='bbox 326 1175 425 1232; x_wconf 89' lang='lat' dir='ltr'><strong>patrem</strong></span> <span class='ocrx_word' id='word_1_51' title='bbox 435 1174 532 1216; x_wconf 85' lang='lat' dir='ltr'><strong>crearet</strong></span> <span class='ocrx_word' id='word_1_52' title='bbox 542 1174 568 1214; x_wconf 90' lang='lat' dir='ltr'><strong>et</strong></span> <span class='ocrx_word' id='word_1_53' title='bbox 578 1173 693 1230; x_wconf 86' lang='lat' dir='ltr'><strong>nepotem</strong></span> <span class='ocrx_word' id='word_1_54' title='bbox 703 1166 842 1217; x_wconf 87' lang='lat' dir='ltr'><strong>Caesarem.</strong></span> 
     </span>
     <span class='ocr_line' id='line_1_11' title="bbox 148 1248 832 1313; baseline -0.007 -12"><span class='ocrx_word' id='word_1_55' title='bbox 148 1248 209 1301; x_wconf 81' lang='lat' dir='ltr'><strong>Cras</strong></span> <span class='ocrx_word' id='word_1_56' title='bbox 226 1258 294 1299; x_wconf 87' lang='lat' dir='ltr'><strong>amet</strong></span> <span class='ocrx_word' id='word_1_57' title='bbox 309 1251 353 1313; x_wconf 92' lang='lat' dir='ltr'><strong>qui</strong></span> <span class='ocrx_word' id='word_1_58' title='bbox 369 1264 497 1313; x_wconf 85' lang='lat' dir='ltr'><strong>nunquam</strong></span> <span class='ocrx_word' id='word_1_59' title='bbox 513 1249 614 1309; x_wconf 84' lang='lat' dir='ltr'><strong>amavit,</strong></span> <span class='ocrx_word' id='word_1_60' title='bbox 632 1249 724 1311; x_wconf 89' lang='lat' dir='ltr'><strong>quique</strong></span> <span class='ocrx_word' id='word_1_61' title='bbox 740 1251 832 1297; x_wconf 89' lang='lat' dir='ltr'><strong>amavit</strong></span> 
     </span>
     <span class='ocr_line' id='line_1_12' title="bbox 246 1339 386 1380; baseline -0.007 0"><span class='ocrx_word' id='word_1_62' title='bbox 246 1347 302 1380; x_wconf 86' lang='lat' dir='ltr'><strong>eras</strong></span> <span class='ocrx_word' id='word_1_63' title='bbox 313 1339 386 1380; x_wconf 86' lang='lat' dir='ltr'><strong>amet.</strong></span> 
     </span>
     <span class='ocr_line' id='line_1_13' title="bbox 181 1412 849 1476; baseline 0.001 -14"><span class='ocrx_word' id='word_1_64' title='bbox 181 1415 251 1462; x_wconf 89' lang='lat' dir='ltr'><strong>Rura</strong></span> <span class='ocrx_word' id='word_1_65' title='bbox 262 1413 380 1462; x_wconf 82' lang='lat' dir='ltr'><strong>fecundat</strong></span> <span class='ocrx_word' id='word_1_66' title='bbox 389 1412 511 1476; x_wconf 85' lang='lat' dir='ltr'><strong>voluptas,</strong></span> <span class='ocrx_word' id='word_1_67' title='bbox 522 1427 583 1460; x_wconf 87' lang='lat' dir='ltr'><strong>rura</strong></span> <span class='ocrx_word' id='word_1_68' title='bbox 591 1412 718 1460; x_wconf 84' lang='lat' dir='ltr'><strong>Venerem</strong></span> <span class='ocrx_word' id='word_1_69' title='bbox 727 1414 849 1463; x_wconf 85' lang='lat' dir='ltr'><strong>sentiunt:</strong></span> 
     </span>
     <span class='ocr_line' id='line_1_14' title="bbox 180 1493 782 1560; baseline 0.002 -17"><span class='ocrx_word' id='word_1_70' title='bbox 180 1497 237 1560; x_wconf 89' lang='lat' dir='ltr'><strong>Ipse</strong></span> <span class='ocrx_word' id='word_1_71' title='bbox 248 1496 331 1546; x_wconf 88' lang='lat' dir='ltr'><strong>Amor</strong></span> <span class='ocrx_word' id='word_1_72' title='bbox 341 1510 404 1559; x_wconf 89' lang='lat' dir='ltr'><strong>puer</strong></span> <span class='ocrx_word' id='word_1_73' title='bbox 415 1495 513 1542; x_wconf 87' lang='lat' dir='ltr'><strong>Dionae</strong></span> <span class='ocrx_word' id='word_1_74' title='bbox 524 1510 582 1543; x_wconf 90' lang='lat' dir='ltr'><strong>rure</strong></span> <span class='ocrx_word' id='word_1_75' title='bbox 592 1500 667 1543; x_wconf 86' lang='lat' dir='ltr'><strong>natus</strong></span> <span class='ocrx_word' id='word_1_76' title='bbox 677 1493 782 1544; x_wconf 84' lang='lat' dir='ltr'><strong>dieitur:</strong></span> 
     </span>
     <span class='ocr_line' id='line_1_15' title="bbox 180 1576 816 1643; baseline 0.002 -17"><span class='ocrx_word' id='word_1_77' title='bbox 180 1579 255 1627; x_wconf 84' lang='lat' dir='ltr'><strong>Hune</strong></span> <span class='ocrx_word' id='word_1_78' title='bbox 266 1593 326 1643; x_wconf 87' lang='lat' dir='ltr'><strong>ager</strong></span> <span class='ocrx_word' id='word_1_79' title='bbox 337 1592 394 1625; x_wconf 86' lang='lat' dir='ltr'><strong>cum</strong></span> <span class='ocrx_word' id='word_1_80' title='bbox 404 1576 550 1640; x_wconf 82' lang='lat' dir='ltr'><strong>parturiret,</strong></span> <span class='ocrx_word' id='word_1_81' title='bbox 562 1577 617 1641; x_wconf 88' lang='lat' dir='ltr'><strong>ipsa</strong></span> <span class='ocrx_word' id='word_1_82' title='bbox 629 1578 737 1641; x_wconf 80' lang='lat' dir='ltr'><strong>suscepit</strong></span> <span class='ocrx_word' id='word_1_83' title='bbox 748 1579 816 1628; x_wconf 94' lang='lat' dir='ltr'><strong>sinu:</strong></span> 
     </span>
     <span class='ocr_line' id='line_1_16' title="bbox 182 1657 695 1723; baseline 0.002 -17"><span class='ocrx_word' id='word_1_84' title='bbox 182 1660 240 1723; x_wconf 88' lang='lat' dir='ltr'><strong>Ipsa</strong></span> <span class='ocrx_word' id='word_1_85' title='bbox 250 1659 341 1707; x_wconf 88' lang='lat' dir='ltr'><strong>florum</strong></span> <span class='ocrx_word' id='word_1_86' title='bbox 351 1658 463 1707; x_wconf 83' lang='lat' dir='ltr'><strong>delicatis</strong></span> <span class='ocrx_word' id='word_1_87' title='bbox 474 1657 589 1707; x_wconf 83' lang='lat' dir='ltr'><strong>educavit</strong></span> <span class='ocrx_word' id='word_1_88' title='bbox 600 1658 695 1707; x_wconf 80' lang='lat' dir='ltr'><strong>osculis.</strong></span> 
     </span>
     <span class='ocr_line' id='line_1_17' title="bbox 151 1740 805 1804; baseline 0.003 -16"><span class='ocrx_word' id='word_1_89' title='bbox 151 1740 213 1789; x_wconf 84' lang='lat' dir='ltr'><strong>Cras</strong></span> <span class='ocrx_word' id='word_1_90' title='bbox 223 1747 291 1790; x_wconf 88' lang='lat' dir='ltr'><strong>amet</strong></span> <span class='ocrx_word' id='word_1_91' title='bbox 302 1741 345 1804; x_wconf 87' lang='lat' dir='ltr'><strong>qui</strong></span> <span class='ocrx_word' id='word_1_92' title='bbox 358 1754 486 1803; x_wconf 87' lang='lat' dir='ltr'><strong>nunquam</strong></span> <span class='ocrx_word' id='word_1_93' title='bbox 497 1741 598 1803; x_wconf 84' lang='lat' dir='ltr'><strong>amavit,</strong></span> <span class='ocrx_word' id='word_1_94' title='bbox 608 1741 702 1804; x_wconf 88' lang='lat' dir='ltr'><strong>quique</strong></span> <span class='ocrx_word' id='word_1_95' title='bbox 712 1743 805 1791; x_wconf 90' lang='lat' dir='ltr'><strong>amavit</strong></span> 
     </span>
     <span class='ocr_line' id='line_1_18' title="bbox 245 1826 387 1870; baseline -0.014 0"><span class='ocrx_word' id='word_1_96' title='bbox 245 1826 301 1870; x_wconf 76' lang='lat' dir='ltr'><strong>etas</strong></span> <span class='ocrx_word' id='word_1_97' title='bbox 313 1827 387 1869; x_wconf 88' lang='lat' dir='ltr'><strong>amet.</strong></span> 
     </span>
     <span class='ocr_line' id='line_1_19' title="bbox 182 1903 853 1968; baseline 0.01 -20"><span class='ocrx_word' id='word_1_98' title='bbox 182 1903 241 1968; x_wconf 84' lang='lat' dir='ltr'><strong>Ipsa</strong></span> <span class='ocrx_word' id='word_1_99' title='bbox 251 1903 356 1968; x_wconf 80' lang='lat' dir='ltr'><strong>gemmis</strong></span> <span class='ocrx_word' id='word_1_100' title='bbox 367 1910 547 1966; x_wconf 82' lang='lat' dir='ltr'><strong>purpurantem</strong></span> <span class='ocrx_word' id='word_1_101' title='bbox 553 1903 635 1968; x_wconf 84' lang='lat' dir='ltr'><strong>pingit</strong></span> <span class='ocrx_word' id='word_1_102' title='bbox 641 1918 733 1952; x_wconf 91' lang='lat' dir='ltr'><strong>annum</strong></span> <span class='ocrx_word' id='word_1_103' title='bbox 742 1905 853 1959; x_wconf 82' lang='lat' dir='ltr'><strong>floridis:</strong></span> 
     </span>
     <span class='ocr_line' id='line_1_20' title="bbox 183 1983 736 2051; baseline 0.004 -19"><span class='ocrx_word' id='word_1_104' title='bbox 183 1986 243 2051; x_wconf 85' lang='lat' dir='ltr'><strong>Ipsa</strong></span> <span class='ocrx_word' id='word_1_105' title='bbox 254 1991 385 2051; x_wconf 86' lang='lat' dir='ltr'><strong>surgentes</strong></span> <span class='ocrx_word' id='word_1_106' title='bbox 396 1983 501 2049; x_wconf 75' lang='lat' dir='ltr'><strong>papillas</strong></span> <span class='ocrx_word' id='word_1_107' title='bbox 512 1984 542 2032; x_wconf 89' lang='lat' dir='ltr'><strong>de</strong></span> <span class='ocrx_word' id='word_1_108' title='bbox 553 1983 636 2033; x_wconf 85' lang='lat' dir='ltr'><strong>favoni</strong></span> <span class='ocrx_word' id='word_1_109' title='bbox 647 1987 736 2050; x_wconf 89' lang='lat' dir='ltr'><strong>spiritu</strong></span> 
     </span>
     <span class='ocr_line' id='line_1_21' title="bbox 184 2065 754 2132; baseline 0 -16"><span class='ocrx_word' id='word_1_110' title='bbox 184 2065 267 2132; x_wconf 84' lang='lat' dir='ltr'><strong>Urget</strong></span> <span class='ocrx_word' id='word_1_111' title='bbox 277 2067 304 2115; x_wconf 94' lang='lat' dir='ltr'><strong>in</strong></span> <span class='ocrx_word' id='word_1_112' title='bbox 315 2073 388 2114; x_wconf 85' lang='lat' dir='ltr'><strong>netes</strong></span> <span class='ocrx_word' id='word_1_113' title='bbox 399 2072 515 2130; x_wconf 86' lang='lat' dir='ltr'><strong>penates:</strong></span> <span class='ocrx_word' id='word_1_114' title='bbox 533 2066 587 2130; x_wconf 88' lang='lat' dir='ltr'><strong>ipsa</strong></span> <span class='ocrx_word' id='word_1_115' title='bbox 596 2068 660 2115; x_wconf 90' lang='lat' dir='ltr'><strong>roris</strong></span> <span class='ocrx_word' id='word_1_116' title='bbox 670 2067 754 2125; x_wconf 86' lang='lat' dir='ltr'><strong>lucidi,</strong></span> 
     </span>
     <span class='ocr_line' id='line_1_22' title="bbox 183 2147 828 2215; baseline 0.008 -19"><span class='ocrx_word' id='word_1_117' title='bbox 183 2148 270 2198; x_wconf 84' lang='lat' dir='ltr'><strong>Noctis</strong></span> <span class='ocrx_word' id='word_1_118' title='bbox 284 2163 347 2196; x_wconf 90' lang='lat' dir='ltr'><strong>aura</strong></span> <span class='ocrx_word' id='word_1_119' title='bbox 361 2163 435 2211; x_wconf 89' lang='lat' dir='ltr'><strong>quem</strong></span> <span class='ocrx_word' id='word_1_120' title='bbox 450 2147 577 2212; x_wconf 86' lang='lat' dir='ltr'><strong>relinquit,</strong></span> <span class='ocrx_word' id='word_1_121' title='bbox 593 2150 689 2215; x_wconf 84' lang='lat' dir='ltr'><strong>spargit</strong></span> <span class='ocrx_word' id='word_1_122' title='bbox 703 2150 828 2201; x_wconf 90' lang='lat' dir='ltr'><strong>humentis</strong></span> 
     </span>
    </p>
   </div>
   <div class='ocr_carea' id='block_1_5' title="bbox 206 2246 788 2328">
    <p class='ocr_par' dir='ltr' id='par_1_5' title="bbox 206 2246 788 2328">
     <span class='ocr_line' id='line_1_23' title="bbox 248 2246 334 2295; baseline -0.012 -16"><span class='ocrx_word' id='word_1_123' title='bbox 248 2246 334 2295; x_wconf 84' lang='lat' dir='ltr'><strong>aquas.</strong></span> 
     </span>
     <span class='ocr_line' id='line_1_24' title="bbox 206 2297 788 2328; baseline 0.007 -4"><span class='ocrx_word' id='word_1_124' title='bbox 206 2297 220 2325; x_wconf 65' lang='grc' dir='ltr'>ὓ</span> <span class='ocrx_word' id='word_1_125' title='bbox 321 2297 336 2324; x_wconf 59' lang='lat'><em>0</em></span> <span class='ocrx_word' id='word_1_126' title='bbox 434 2298 448 2324; x_wconf 63' lang='grc' dir='ltr'><strong>θ</strong></span> <span class='ocrx_word' id='word_1_127' title='bbox 546 2297 560 2326; x_wconf 50' lang='grc' dir='ltr'>ἢ</span> <span class='ocrx_word' id='word_1_128' title='bbox 661 2298 675 2326; x_wconf 61' lang='lat' dir='ltr'><strong>U</strong></span> <span class='ocrx_word' id='word_1_129' title='bbox 774 2300 788 2328; x_wconf 71' lang='grc'>1</span> 
     </span>
    </p>
   </div>
   <div class='ocr_carea' id='block_1_6' title="bbox 138 2359 887 2830">
    <p class='ocr_par' dir='ltr' id='par_1_6' title="bbox 138 2359 845 2497">
     <span class='ocr_line' id='line_1_25' title="bbox 138 2359 845 2426; baseline 0.003 -16"><span class='ocrx_word' id='word_1_130' title='bbox 138 2359 214 2410; x_wconf 83' lang='lat' dir='ltr'><strong>&#39;Cras</strong></span> <span class='ocrx_word' id='word_1_131' title='bbox 231 2368 299 2408; x_wconf 87' lang='lat' dir='ltr'><strong>amet</strong></span> <span class='ocrx_word' id='word_1_132' title='bbox 317 2360 361 2423; x_wconf 91' lang='lat' dir='ltr'><strong>qui</strong></span> <span class='ocrx_word' id='word_1_133' title='bbox 378 2375 507 2423; x_wconf 89' lang='lat' dir='ltr'><strong>nunquam</strong></span> <span class='ocrx_word' id='word_1_134' title='bbox 525 2363 625 2424; x_wconf 80' lang='lat' dir='ltr'><strong>amavit,</strong></span> <span class='ocrx_word' id='word_1_135' title='bbox 642 2363 735 2426; x_wconf 90' lang='lat' dir='ltr'><strong>quique</strong></span> <span class='ocrx_word' id='word_1_136' title='bbox 753 2365 845 2413; x_wconf 85' lang='lat' dir='ltr'><strong>amavit</strong></span> 
     </span>
     <span class='ocr_line' id='line_1_26' title="bbox 250 2448 393 2497; baseline -0.007 -7"><span class='ocrx_word' id='word_1_137' title='bbox 250 2457 306 2490; x_wconf 84' lang='lat' dir='ltr'><strong>eras</strong></span> <span class='ocrx_word' id='word_1_138' title='bbox 318 2448 393 2497; x_wconf 86' lang='lat' dir='ltr'><strong>amet,</strong></span> 
     </span>
    </p>

    <p class='ocr_par' dir='ltr' id='par_1_7' title="bbox 185 2523 855 2591">
     <span class='ocr_line' id='line_1_27' title="bbox 185 2523 855 2591; baseline 0.007 -20"><span class='ocrx_word' id='word_1_139' title='bbox 185 2523 224 2571; x_wconf 77' lang='lat' dir='ltr'><strong>En</strong></span> <span class='ocrx_word' id='word_1_140' title='bbox 230 2524 323 2572; x_wconf 83' lang='lat' dir='ltr'><strong>micant</strong></span> <span class='ocrx_word' id='word_1_141' title='bbox 332 2523 449 2571; x_wconf 82' lang='lat' dir='ltr'><strong>lacrimae</strong></span> <span class='ocrx_word' id='word_1_142' title='bbox 457 2530 590 2574; x_wconf 85' lang='lat' dir='ltr'><strong>trementes</strong></span> <span class='ocrx_word' id='word_1_143' title='bbox 598 2525 629 2574; x_wconf 86' lang='lat' dir='ltr'><strong>de</strong></span> <span class='ocrx_word' id='word_1_144' title='bbox 636 2525 727 2574; x_wconf 86' lang='lat' dir='ltr'><strong>caduco</strong></span> <span class='ocrx_word' id='word_1_145' title='bbox 733 2526 855 2591; x_wconf 80' lang='lat' dir='ltr'><strong>pondere:</strong></span> 
     </span>
    </p>

    <p class='ocr_par' dir='ltr' id='par_1_8' title="bbox 187 2604 887 2674">
     <span class='ocr_line' id='line_1_28' title="bbox 187 2604 887 2674; baseline 0.011 -21"><span class='ocrx_word' id='word_1_146' title='bbox 187 2604 267 2654; x_wconf 86' lang='lat' dir='ltr'><strong>Gutta</strong></span> <span class='ocrx_word' id='word_1_147' title='bbox 278 2621 397 2670; x_wconf 84' lang='lat' dir='ltr'><strong>praeceps</strong></span> <span class='ocrx_word' id='word_1_148' title='bbox 405 2605 465 2654; x_wconf 89' lang='lat' dir='ltr'><strong>orbe</strong></span> <span class='ocrx_word' id='word_1_149' title='bbox 476 2622 553 2670; x_wconf 83' lang='lat' dir='ltr'><strong>parvo</strong></span> <span class='ocrx_word' id='word_1_150' title='bbox 565 2608 669 2656; x_wconf 85' lang='lat' dir='ltr'><strong>sustinet</strong></span> <span class='ocrx_word' id='word_1_151' title='bbox 680 2623 752 2657; x_wconf 87' lang='lat' dir='ltr'><strong>casus</strong></span> <span class='ocrx_word' id='word_1_152' title='bbox 763 2625 834 2674; x_wconf 83' lang='lat' dir='ltr'><strong>sues:</strong></span> <span class='ocrx_word' id='word_1_153' title='bbox 885 2658 887 2661; x_wconf 88' lang='lat'>.</span> 
     </span>
    </p>

    <p class='ocr_par' dir='ltr' id='par_1_9' title="bbox 187 2685 835 2754">
     <span class='ocr_line' id='line_1_29' title="bbox 187 2685 835 2754; baseline 0.009 -21"><span class='ocrx_word' id='word_1_154' title='bbox 187 2685 225 2734; x_wconf 83' lang='lat' dir='ltr'><strong>En</strong></span> <span class='ocrx_word' id='word_1_155' title='bbox 236 2687 357 2751; x_wconf 85' lang='lat' dir='ltr'><strong>pudorem</strong></span> <span class='ocrx_word' id='word_1_156' title='bbox 366 2685 513 2735; x_wconf 87' lang='lat' dir='ltr'><strong>florulentae</strong></span> <span class='ocrx_word' id='word_1_157' title='bbox 524 2687 685 2752; x_wconf 85' lang='lat' dir='ltr'><strong>prodiderunt</strong></span> <span class='ocrx_word' id='word_1_158' title='bbox 695 2705 835 2754; x_wconf 86' lang='lat' dir='ltr'><strong>purpurae:</strong></span> 
     </span>
    </p>

    <p class='ocr_par' dir='ltr' id='par_1_10' title="bbox 188 2765 846 2830">
     <span class='ocr_line' id='line_1_30' title="bbox 188 2765 846 2830; baseline 0.009 -16"><span class='ocrx_word' id='word_1_159' title='bbox 188 2765 285 2816; x_wconf 89' lang='lat' dir='ltr'><strong>Humor</strong></span> <span class='ocrx_word' id='word_1_160' title='bbox 296 2767 346 2824; x_wconf 85' lang='lat' dir='ltr'><strong>ille,</strong></span> <span class='ocrx_word' id='word_1_161' title='bbox 359 2782 433 2830; x_wconf 88' lang='lat' dir='ltr'><strong>quem</strong></span> <span class='ocrx_word' id='word_1_162' title='bbox 444 2769 538 2817; x_wconf 82' lang='lat' dir='ltr'><strong>serenis</strong></span> <span class='ocrx_word' id='word_1_163' title='bbox 549 2777 617 2818; x_wconf 89' lang='lat' dir='ltr'><strong>astra</strong></span> <span class='ocrx_word' id='word_1_164' title='bbox 627 2777 714 2818; x_wconf 88' lang='lat' dir='ltr'><strong>rorant</strong></span> <span class='ocrx_word' id='word_1_165' title='bbox 724 2771 846 2829; x_wconf 85' lang='lat' dir='ltr'><strong>noctibus,</strong></span> 
     </span>
    </p>
   </div>
   <div class='ocr_carea' id='block_1_7' title="bbox 190 2846 818 2914">
    <p class='ocr_par' dir='ltr' id='par_1_11' title="bbox 190 2846 818 2914">
     <span class='ocr_line' id='line_1_31' title="bbox 190 2846 818 2914; baseline 0.006 -20"><span class='ocrx_word' id='word_1_166' title='bbox 190 2846 265 2894; x_wconf 88' lang='lat' dir='ltr'><strong>Mane</strong></span> <span class='ocrx_word' id='word_1_167' title='bbox 274 2846 402 2911; x_wconf 85' lang='lat' dir='ltr'><strong>virgineas</strong></span> <span class='ocrx_word' id='word_1_168' title='bbox 412 2846 517 2910; x_wconf 88' lang='lat' dir='ltr'><strong>papillas</strong></span> <span class='ocrx_word' id='word_1_169' title='bbox 527 2847 600 2897; x_wconf 85' lang='lat' dir='ltr'><strong>solvit</strong></span> <span class='ocrx_word' id='word_1_170' title='bbox 610 2848 724 2898; x_wconf 87' lang='lat' dir='ltr'><strong>humenti</strong></span> <span class='ocrx_word' id='word_1_171' title='bbox 735 2848 818 2914; x_wconf 84' lang='lat' dir='ltr'><strong>peplo..</strong></span> 
     </span>
    </p>
   </div>
   <div class='ocr_carea' id='block_1_8' title="bbox 0 0 1174 3590">
    <p class='ocr_par' dir='ltr' id='par_1_12' title="bbox 0 0 1174 3590">
     <span class='ocr_line' id='line_1_32' title="bbox 0 0 1174 3590; baseline 0 0"><span class='ocrx_word' id='word_1_172' title='bbox 0 0 1174 3590; x_wconf 95' lang='lat' dir='ltr'><strong> </strong></span> 
     </span>
    </p>
   </div>
  </div>
 </body>
</html>
