2304 3590
315 402 363 447 344
459 382 695 426 ANTHOLOGIA
721 382 867 425 turma,

315 478 368 528 Nec
378 478 446 528 color
456 493 521 527 uuus
531 478 597 527 inest
609 498 616 528 ι
633 476 717 527 stellas
728 477 839 526 accendit
849 477 877 526 in
887 491 958 537 auro,

315 565 389 610 Ostro
397 560 480 610 fundit
489 575 577 626 aquas,
587 560 681 610 attollit
688 560 763 609 litora
772 561 892 624 gemmis:

312 642 416 707 Filaque
427 643 545 691 mentitos
554 644 604 691 iam
615 642 666 690 iam
676 640 800 690 caelantia
809 639 901 691 fluctus

313 724 379 773 Arte
390 731 494 773 tument
526 722 622 773 Credas
632 721 696 771 illidi
703 722 819 772 cautibus
828 721 919 788 algam,

314 805 349 854 Et
358 820 461 854 raucum
472 804 563 855 bibulis
573 805 698 868 inserpere
708 818 821 852 murmur
832 804 921 852 arenis

314 883 395 934 Addit
404 887 513 949 quinque
524 885 619 951 plagas.
653 883 763 933 Mediam
775 884 912 934 subtemine
922 883 1009 944 rubro*

315 963 449 1013 Obsessam
459 963 556 1013 fervore
566 969 651 1013 notat:
669 961 799 1026 squalebat
808 960 911 1011 adustus

314 1044 406 1102 Limes,
414 1053 440 1093 et
450 1044 550 1093 assiduo
560 1044 678 1094 sitiebant
687 1045 794 1093 stamina
804 1043 861 1093 sole.

314 1125 414 1175 Vitales
424 1125 541 1189 utrinque
552 1125 629 1190 duas3
647 1140 710 1189 quas
720 1125 789 1174 mitis
799 1124 900 1174 oberrat

314 1206 465 1271 Temperies,
474 1205 610 1255 habitanda
618 1207 693 1256 viris:
711 1212 766 1256 tum
776 1206 826 1254 fine
837 1220 952 1270 supremo

314 1288 454 1354 Torpentes
462 1288 541 1337 traxit
549 1289 670 1354 geminas,
679 1286 819 1352 brumaque
829 1288 931 1352 perenni

314 1369 418 1429 Foedat,
428 1375 453 1418 et
464 1376 567 1418 aeterno
577 1369 723 1420 contristrat
732 1368 828 1434 ffigore
838 1368 918 1418 telas·

348 1450 402 1499 Nec
413 1465 463 1499 non
474 1456 501 1498 et
510 1450 594 1515 patrui
605 1451 689 1516 pingit
699 1451 809 1500 sacraria
820 1449 898 1512 Ditis,

316 1532 468 1596 Fatalesque
479 1532 527 1581 sibi
537 1547 629 1581 manes
664 1531 718 1581 Nec
727 1531 809 1582 defuit
818 1547 898 1582 omen

290 1678 292 1682 f
316 1613 433 1664 Praescia
441 1629 500 1662 nam
512 1613 602 1664 subitis
611 1613 761 1670 maduerunt
769 1612 872 1663 fletibus
880 1629 932 1664 ora.

733 1697 789 1744 aa.
799 1696 817 1744 i.
837 1710 859 1743 v.
870 1700 985 1746 244266.

610 1864 738 1902 ccnxrm.

541 1973 687 2027 Deecenuus
697 1972 811 2027 Acerrae.

355 2084 407 2175 [a]
450 2104 551 2155 MALE
560 2105 644 2155 dilecti
654 2104 737 2167 flores,
747 2104 912 2170 despectaque
922 2105 1008 2155 manis

456 2187 581 2236 Consilia!
598 2201 614 2236 o
624 2185 733 2236 Veneris
743 2184 880 2251 deprensae
890 2187 969 2236 serius

318 2347 411 2404 Mater,
422 2347 461 2396 ic!
479 2360 522 2395 seu
534 2352 559 2393 te
569 2343 690 2410 Phrygiis
700 2344 728 2393 in
737 2343 843 2395 vallibus
853 2343 914 2395 Idae

319 2428 458 2495 Mygdonio
469 2427 552 2476 buxus
562 2426 728 2475 circumsonat
738 2423 841 2474 horride
849 2433 933 2488 cantu,

319 2510 369 2560 Seu
380 2517 408 2560 tu
418 2508 560 2574 sanguineis
569 2505 831 2571 ululantiaDindyma
841 2505 922 2556 Gallis

317 2591 418 2653 Incolis,
428 2598 454 2640 et
464 2590 564 2639 strictos
574 2586 694 2638 Curetum
704 2588 807 2653 respicis
817 2602 898 2648 enses,

318 2672 404 2722 Exitio
415 2685 530 2721 succurre
541 2683 596 2718 meo
605 2688 612 2718 z
628 2683 755 2734 compesce
762 2667 887 2717 menum
899 2686 905 2717 :

317 2752 460 2816 Comprime
470 2749 559 2800 ferales
569 2749 634 2799 torvi
643 2749 775 2814 praedonis
784 2749 912 2799 habenas!

272 2828 278 2841 '
351 2831 454 2881 Talibus
464 2831 506 2881 ille
516 2831 587 2881 ferox
598 2830 677 2891 dictis,
687 2830 798 2895 fletuque
808 2829 906 2891 decoro,
