2372 3596
307 375 356 433 378
592 372 619 413 N
622 371 722 415 omli.

304 467 407 510 libullo·
417 467 507 520 quidem
523 467 627 520 Elegeiae
641 470 741 521 palmam
759 468 831 510 defert
844 466 1009 516 Quintilianus.

305 533 369 576 Inest
384 534 490 587 profecto,
504 540 531 575 ut
548 547 597 576 rem
609 547 622 576 s
633 534 753 578 Disseoioi
762 534 853 587 penitus
869 533 1010 586 exploratam

304 600 400 641 strictim
419 600 538 650 attingam,
547 601 606 641 mira
622 601 774 642 membrorum
791 600 946 646 concinnitas:
961 612 1010 653 pro

303 666 409 718 priueque
419 666 467 707 eius
478 673 531 707 sunt
538 673 587 708 tum
597 667 746 719 oppositiones
756 677 865 707 nervosae
874 673 923 706 turn
933 667 1009 708 clarae

304 737 462 784 accurataeque
483 733 582 784 partium
606 733 768 775 distinctiones.
800 731 893 772 Diverso
918 732 1009 782 ingenio

305 798 442 850 Propertius,
451 799 546 839 eandem
557 799 701 844 seutentiam,
710 800 775 839 velut
790 798 848 849 npud
859 797 950 837 initium
960 809 1008 839 oer-

304 864 372 904 minis
383 864 411 903 ad
422 863 526 904 Paullum
537 865 650 918 inseripti,
660 863 800 905 artificiosius
811 868 872 903 amat
887 863 931 903 alio
941 868 1008 914 etque

304 930 348 970 alio
357 930 422 970 modo
436 930 580 981 amplificare.

329 994 416 1036 Deinde
433 996 474 1035 sub
490 996 550 1036 idem
562 1001 651 1047 tempus
669 996 782 1048 permulta
799 994 912 1035 scribendi
924 1006 1008 1046 genere

302 1061 412 1102 elaborari
423 1062 458 1101 vel
472 1072 485 1100 a
497 1060 588 1102 Graecis
602 1060 695 1102 adscisci
708 1070 785 1113 coepta
798 1064 859 1102 suut.
887 1059 945 1111 Epos
958 1072 1007 1112 per-

303 1127 400 1175 feetum
426 1125 515 1166 Horatii
534 1127 639 1179 auspiciis
660 1126 734 1168 Satira
757 1125 822 1167 valde
843 1133 962 1173 exornata,
982 1138 1008 1167 ec

302 1203 373 1244 paene
391 1191 500 1232 universa
518 1191 600 1242 Lyrioa
617 1193 691 1243 poesis
707 1193 731 1232 in
751 1191 840 1232 Latium
856 1190 950 1231 inductu
966 1197 1008 1233 est.

304 1256 384 1297 Ouidio
403 1257 493 1310 propris
509 1257 562 1298 leus
583 1257 683 1309 debetur,
699 1258 754 1298 anni
771 1256 869 1296 Romani
886 1255 964 1296 Festos
982 1257 1007 1297 in

303 1323 404 1363 ordinem
421 1323 523 1363 redactos
540 1323 625 1374 poetice
643 1322 756 1365 motandi
772 1333 891 1373 eorumque
909 1322 1007 1372 origines

301 1388 431 1438 indagandi.
458 1386 569 1438 Videturt
580 1387 697 1440 Propertio
711 1399 797 1440 quoqne
812 1388 836 1427 in
848 1388 925 1428 animo
936 1387 1006 1430 tuisse

303 1453 431 1494 huiusmodi
444 1464 500 1505 opus
514 1454 617 1494 condere.
643 1452 743 1494 Omnino
757 1458 807 1504 post
822 1452 903 1493 lanum
919 1453 947 1494 nl>
961 1452 1005 1494 Au·

302 1525 367 1570 gusto
377 1521 584 1572 clausum,propter
596 1520 730 1561 naeoenntis
741 1519 851 1560 Messalae
862 1531 888 1559 ac
897 1520 1006 1572 principis

301 1585 373 1637 ipsius
385 1585 489 1635 andam,
499 1586 590 1636 ingenia
605 1585 630 1626 iu
642 1585 718 1626 diosas
729 1585 875 1638 propensiora
885 1585 959 1626 indies
969 1587 1006 1627 de·

303 1652 367 1697 bant,
383 1652 510 1702 civiumque
525 1657 614 1691 mentes
632 1652 728 1692 assiduis
738 1651 801 1692 bellis
812 1651 936 1698 coniectae,
944 1654 1006 1704 pacis

302 1721 362 1757 artes
370 1717 524 1757 vehementius
535 1717 732 1768 amplectebantur.
757 1713 857 1758 Accessit
864 1717 940 1758 eodem
952 1718 1006 1758 reci·

300 1782 365 1823 tandi
376 1795 433 1829 mos,
442 1782 548 1823 inductus
560 1783 596 1823 vel
608 1789 726 1825 resocatus
740 1794 755 1823 o
766 1781 790 1824 0.
800 1780 879 1823 Asinio
896 1782 1005 1830 Pollione,

299 1848 338 1900 qui
348 1854 372 1889 et
380 1849 428 1900 ipse
436 1853 510 1889 orator
516 1849 637 1890 historicus
644 1849 779 1898 ettragicun
785 1848 943 1891 bibliotheosrn
951 1850 1004 1902 put·

298 1914 365 1954 licam
380 1912 466 1954 Romae
479 1913 567 1964 primus
581 1914 688 1955 condidit.
712 1913 783 1954 Cuius
795 1914 966 1955 consuetudinis
976 1926 1003 1956 es

299 1979 371 2031 primo
380 1980 437 2020 ratio
451 1979 503 2026 fuit,
512 1985 538 2019 nt
549 1980 576 2020 de
591 1981 708 2020 hominum
725 1978 807 2020 iudicio
822 1979 1003 2030 experimentum

298 2046 370 2086 tieret.
410 2045 571 2095 Ingraveeoere
585 2052 635 2098 poet
649 2046 734 2097 aliquot
748 2056 821 2086 annos
841 2046 936 2091 melum,
948 2046 1005 2097 quod

299 2109 409 2168 Flaccust
431 2111 501 2151 semel
524 2117 590 2162 etque
611 2110 693 2151 iterum
716 2111 859 2163 perstrinxit.
902 2111 1005 2162 complu·

298 2177 357 2218 rium
369 2175 477 2228 Augustei
492 2177 541 2217 aeri
554 2177 686 2228 scriptorum
703 2188 748 2217 non
768 2176 814 2217 nisi
832 2176 924 2217 nomina
939 2177 1004 2218 hodie

298 2248 392 2284 restant.
420 2241 519 2282 Maximi
525 2242 592 2282 laude
599 2241 725 2282 floruerunt
735 2239 838 2291 Valgius,
848 2241 940 2289 Varius,
951 2240 1003 2282 Gul-

299 2310 343 2359 lus‚
354 2306 515 2348 Albinovanus.
547 2305 583 2346 Ex
594 2306 714 2358 deperditis
727 2311 801 2347 autem
817 2307 887 2347 huius
899 2308 1005 2360 temporis

300 2374 402 2426 operibus
409 2374 453 2414 dno
458 2373 556 2413 maxime
561 2372 720 2419 desideramus,
727 2384 808 2425 nempe
815 2371 880 2414 Varii
890 2372 1004 2424 Thyesten

299 2446 323 2481 et
335 2438 409 2480 Ovidii
425 2438 536 2486 Medeam,
551 2442 672 2489 utrumqne
691 2450 704 2478 a
721 2436 864 2485 Quintiliano
881 2440 1005 2480 laudatum.

301 2503 364 2552 Ques
375 2504 464 2556 quidem
475 2505 564 2546 fibulae
574 2515 601 2545 eo
614 2503 749 2556 acceptiores
759 2503 929 2557 inissent‚qnod
938 2506 1005 2556 trapi·

322 2704 335 2732 s
346 2692 404 2737 insiu
415 2702 466 2737 ern
476 2710 494 2735 x.
504 2701 546 2739 isa
655 2704 664 2737 i
678 2702 706 2737 ne
716 2702 769 2736 roeo
778 2702 855 2737 risum.

318 2749 450 2797 gl’ropertlua
479 2749 540 2793 Poley.
568 2749 657 2793 Exemplo
665 2755 708 2785 sunt
722 2750 771 2795 lilep.
779 2760 795 2782 v.
806 2751 817 2784 l.
827 2751 851 2785 lv.
867 2750 932 2792 (huius
946 2750 998 2786 Anti.

298 2797 411 2884 aelami
420 2842 471 2878 Poat
482 2846 524 2887 νος
544 2844 576 2888 lip
585 2854 605 2879 ιι.
615 2846 626 2880 l
637 2849 665 2880 ite
673 2853 699 2888 sq.
