2310 3592
383 409 441 450 TIB
448 408 571 452 ULLUS.

421 642 533 678 cmlv.

307 754 311 759 ⁴
401 768 497 842 Elegia
508 767 546 823 iv.

292 899 455 971 Deprecatio
466 900 504 953 ad
513 899 653 954 Phoebum.

139 1228 152 1253 η’
195 1240 215 1256 «Γ
366 1220 445 1253 coma.

132 1278 204 1331 crede
214 1284 284 1347 mihi,
294 1300 416 1350 propera:
433 1300 479 1333 nec
486 1286 536 1333 iam
547 1291 581 1346 te,
592 1283 702 1335 Phoebe.
713 1284 809 1349 pigebit

161 1362 290 1416 Formosae
300 1367 411 1416 medices
422 1367 569 1432 applicuisse
580 1381 676 1414 manus.

134 1443 202 1496 Effice
212 1464 243 1496 ne
253 1450 348 1498 macies
359 1448 480 1513 pallentes
490 1455 593 1513 occupet
604 1455 684 1508 anus,

159 1525 211 1577 Neu
218 1538 287 1580 notet
296 1530 413 1579 informis
423 1529 528 1579 candida
538 1529 650 1579 membra
659 1527 736 1588 color,

129 1605 159 1654 Et
168 1609 328 1676 quodeunque
340 1610 400 1659 mali
410 1617 449 1660 est
457 1617 482 1660 et
490 1609 609 1676 quicquid
617 1611 689 1658 triste
700 1610 824 1669 timemus,

158 1687 187 1737 In
195 1691 297 1758 pelagus
307 1692 404 1758 rapidis
414 1692 504 1741 evehat
513 1693 593 1740 amnis
603 1692 682 1755 aquis.

130 1765 220 1834 Sancte,
230 1774 296 1834 veni,
308 1781 440 1837 tecumque
450 1773 523 1832 feras,
534 1774 675 1837 quicunque
687 1787 796 1836 sapores,
805 1774 819 1791 '⁸

157 1850 300 1919 Quicunque
310 1863 338 1905 et
348 1861 436 1904 cantus
445 1870 549 1919 corpora
560 1853 627 1903 fessa
637 1852 734 1901 levant:

129 1929 179 1982 Neu
188 1935 300 1986 iuvenem
311 1944 411 2001 torque,
421 1937 509 1985 metuit
520 1935 563 2000 qui
573 1935 626 1984 fata
637 1934 741 2000 puellae,

154 2013 266 2080 Votaque
276 2034 325 2082 pro
336 2016 436 2065 domina
446 2017 489 2064 vix
498 2014 651 2064 numeranda
661 2013 730 2064 facit.

127 2092 246 2146 Interdum
257 2106 342 2161 vovet,
352 2098 485 2156 interdum,
495 2097 561 2161 quod
571 2097 688 2162 langueat
699 2096 751 2155 illa,

155 2176 220 2227 Dicit
228 2181 255 2229 in
269 2187 386 2229 aeternos
396 2193 485 2241 aspera
496 2179 572 2227 verba
582 2178 650 2226 deos.

840 2224 981 2281 13⁸1..

127 2255 187 2308 Pone
196 2269 299 2323 metum,
310 2259 444 2311 Cerinther
461 2260 522 2308 deus
531 2275 581 2308 non
591 2254 668 2308 laedit
679 2264 799 2307 amantes.
844 2294 873 2327 ,ι
1008 2260 1017 2289 ¹«
1042 2276 1050 2295 l

153 2337 190 2388 Tu
199 2342 271 2392 modo
282 2356 382 2406 semper
392 2356 461 2392 ama:
478 2341 546 2390 salva
558 2340 639 2405 puella
648 2338 695 2389 tibi
705 2345 758 2388 est:

126 2418 164 2470 Nil
173 2438 233 2487 opus
243 2431 282 2474 est
293 2422 371 2473 fletur
388 2422 497 2472 lacrimis
508 2424 556 2473 erit
566 2423 649 2486 aptius
660 2421 705 2477 uti,
718 2428 720 2441 '

154 2501 180 2552 Si
188 2506 287 2569 quando
299 2505 378 2554 fuerit
388 2504 484 2554 tristior
495 2504 539 2553 illa
548 2503 603 2553 tibi.
710 2490 714 2527 ¹

125 2584 228 2648 Atnuuc
238 2595 293 2638 tcta
304 2594 350 2637 tua
360 2594 406 2644 est,
417 2593 442 2636 te
453 2587 532 2636 sulum
544 2586 651 2636 candida
661 2600 744 2634 secum

153 2665 258 2733 Cogitat,
268 2678 295 2719 et
305 2669 402 2718 frustra
412 2667 512 2717 credula
523 2669 597 2718 turba
608 2668 682 2717 sedet.

125 2746 225 2812 Phoebe,
236 2750 310 2800 favez
329 2750 385 2800 laus
395 2765 487 2815 magua
498 2749 544 2798 tibi
555 2749 680 2799 tribuetur
691 2750 718 2799 iu
728 2765 779 2799 uno

153 2829 259 2896 Corpore
269 2839 371 2882 servate
382 2831 519 2881 restituisse
531 2830 599 2880 duos.
