2320 3590
311 409 341 452 80
457 399 691 441 ANTHOLOGIA
719 399 865 441 LATINA.

307 495 457 545 Infandum!
474 496 565 544 sistunt
576 508 669 554 amnes,
681 500 813 557 terraeque
826 492 972 554 dehiscunt,

309 579 342 627 Et
367 584 490 626 maestum
516 577 656 625 inlacrimat
680 575 780 640 templis
806 575 878 636 ebur,
904 591 1017 640 aeraque

407 658 504 706 sudant.

308 739 406 788 Proluit
418 741 506 788 insano
517 746 684 802 contorquens
696 738 788 787 vertice
799 737 875 786 silvas

309 820 455 868 Fluviorum
465 835 511 868 rex
522 819 657 876 Eridanus,
668 834 819 884 camposque
829 834 876 883 per
886 819 969 887 omnis

307 902 373 950 Cum
385 900 489 949 stabulis
500 907 612 948 armenta
623 899 689 949 tulit.
724 900 779 949 Nec
790 908 902 964 tempore
914 899 1005 947 ecdem

309 980 436 1028 Tristibus
447 987 491 1028 aut
502 980 567 1027 extis
578 979 656 1027 librae
666 979 787 1043 adparere
799 980 917 1039 minaces,

308 1062 364 1109 Aut
376 1062 456 1124 puteis
467 1076 568 1108 manare
578 1062 777 1123 emarcescant,
789 1066 815 1109 et
825 1061 891 1108 altae

308 1143 357 1190 Per
368 1149 466 1190 noctem
475 1156 593 1189 resonare
603 1139 670 1204 lupis
680 1141 835 1190 ululantibus
847 1142 932 1189 urbes.

309 1222 366 1270 Non
378 1221 440 1270 alias
450 1221 518 1270 caelo
528 1221 672 1270 ceciderunt
683 1222 757 1285 plura
767 1237 855 1270 sereno

308 1304 429 1369 Fulgura,
440 1319 486 1351 nec
497 1303 544 1351 diri
556 1304 647 1352 totiens
658 1318 743 1351 arsere
754 1310 874 1351 cometae.

308 1385 377 1448 Ergo
388 1386 453 1433 inter
463 1399 516 1433 sese
527 1384 629 1448 paribus
640 1399 787 1433 concurrere
800 1384 856 1433 telis

309 1466 435 1514 Romanas
446 1467 511 1514 acies
523 1467 614 1514 iterum
625 1465 709 1514 videre
718 1465 843 1530 Philippi3

308 1547 361 1595 Nec
371 1547 420 1595 suit
429 1547 560 1612 indignum
573 1547 678 1611 superis,
691 1546 728 1595 bis
740 1548 862 1612 sanguine
873 1555 960 1595 nostro

308 1628 449 1677 Emathiam
461 1636 486 1677 et
496 1628 560 1676 latos
572 1626 661 1675 Haemi
676 1629 839 1692 pinguescere
849 1643 959 1693 campos.

308 1710 407 1759 Scilicet
418 1718 444 1760 et
453 1717 551 1774 tempus
562 1711 654 1771 reniet,
665 1725 723 1757 cum
734 1709 826 1758 finibus
837 1710 887 1758 illis

309 1791 438 1855 Agricola,
449 1792 552 1840 incurvo
564 1797 657 1839 terram
668 1790 770 1839 molitus
781 1799 874 1851 aratro,

308 1872 393 1920 Euesa
402 1873 512 1920 inveniet
523 1871 609 1919 scabra
620 1871 733 1936 robigine
745 1871 804 1935 pila,

307 1955 365 2002 Aut
375 1954 494 2018 gravibus
504 1953 593 2001 rastris
604 1952 689 2017 galeas
699 1951 809 2016 pulsabit
820 1952 911 2013 inanis,

310 2034 472 2100 Graudiaque
483 2035 577 2083 effossis
588 2034 722 2083 mirabitur
732 2050 788 2083 ossa
800 2033 948 2097 sepulchris.

310 2117 345 2165 Di
356 2118 441 2180 patrii,
452 2117 590 2180 Indigetes,
600 2122 626 2164 et
637 2115 743 2164 Romule
753 2115 884 2177 Vestaque
895 2124 985 2172 mater,

310 2196 381 2255 Quae
392 2198 501 2247 Tuscum
513 2197 623 2246 Tiberim
635 2204 661 2245 et
671 2197 785 2245 Romana
796 2196 895 2245 Palatia
905 2212 991 2245 serras

311 2277 385 2327 Hunc
397 2279 483 2327 saltem
495 2293 581 2326 everso
592 2278 706 2326 iuvenem
718 2292 862 2325 succurrere
873 2276 956 2326 saeclo

310 2350 350 2405 Ne
362 2359 502 2421 prohibete!
538 2357 606 2408 Satis
615 2360 666 2407 iam
677 2358 772 2423 pridem
785 2359 908 2422 sanguine
918 2369 1006 2408 nostro

310 2435 508 2489 Laomedonteae
519 2441 610 2489 luimus
620 2441 734 2505 periuria
742 2438 833 2487 Troiae
842 2458 849 2502 3

310 2516 364 2566 Iam
375 2521 471 2584 pridem
482 2523 553 2571 nobis
563 2522 626 2570 caeli
637 2529 662 2570 te
672 2522 750 2586 regia,
761 2519 864 2580 Caesar,

309 2595 417 2661 Invidet,
423 2610 499 2666 atque
507 2604 634 2652 hominum
642 2604 757 2666 queritur
764 2617 852 2650 curare
859 2603 1016 2668 triumph0s;

310 2674 409 2743 Quippe
425 2681 468 2807 ηιξ
484 2686 521 2732 las
538 2698 638 2732 versum
648 2692 724 2748 atque
736 2682 821 2732 nasas:
839 2690 877 2731 tot
891 2683 959 2732 bella
972 2700 1018 2748 per

406 2773 435 2807 or
466 2776 500 2823 m,

309 2829 373 2882 Tam
384 2839 476 2888 multae
487 2843 608 2891 scelerum
619 2843 711 2906 facies3
730 2858 780 2891 non
791 2841 856 2891 ullus
868 2853 957 2893 aratro
