2320 3590
393 414 588 458 nonarius,
797 431 838 479 ¹7¹

136 506 190 558 Nos
201 515 286 559 manet
296 507 411 559 Oceanus
422 511 612 576 circumvagos:
630 525 699 572 arva,
711 510 785 559 beata

90 590 96 603 ¹
168 589 287 641 Petamus
299 606 369 652 arva,
381 591 471 641 divites
482 599 508 641 et
518 591 622 653 insulas,

136 672 230 723 Reddit
239 674 283 723 uhi
293 673 412 725 Cererem
423 674 498 723 tellus
509 675 608 722 inarata
619 674 752 739 quotannis

168 753 202 805 Et
212 756 336 821 imputata
345 754 419 807 floret
430 770 509 820 usque
520 757 602 812 vinea,

139 833 270 886 Germinat
281 846 308 887 et
317 852 455 901 numquam
465 835 575 886 fallentis
586 844 677 885 termes
685 835 773 897 olivae,

170 908 297 984 Suamque
308 918 377 984 pulla
388 917 451 968 licus
462 926 535 968 ornat
546 917 670 979 arborem,

137 998 214 1048 Mella
223 1015 285 1050 cava
294 1008 399 1051 manant
408 1015 441 1049 ex
453 1000 518 1062 ilice,
529 1000 655 1049 montibus
666 999 724 1048 altis

167 1078 242 1130 Ievis
253 1088 372 1146 crepante
384 1080 488 1147 lympha
498 1081 582 1130 desilit
592 1080 664 1146 pede.

137 1159 191 1211 Illic
202 1162 311 1212 iniussae
321 1164 425 1212 veniunt
435 1162 468 1212 ad
479 1161 587 1212 mulctra
598 1160 717 1226 capellae,

168 1243 307 1309 Beisrtque
317 1251 389 1294 tenta
399 1259 464 1309 grex
475 1244 570 1292 amicus
581 1242 660 1292 ubera
670 1263 678 1307 3

137 1322 189 1374 Nec
199 1325 358 1390 vespertinus
368 1325 541 1390 circumgemit
551 1339 627 1373 ursus
638 1323 712 1381 ovile,

168 1405 258 1470 Neque
269 1407 412 1455 intumescit
422 1405 474 1455 alta
486 1406 577 1470 viperis
587 1404 687 1454 humus.

137 1484 263 1552 Pluraque
274 1487 359 1536 felices
370 1487 528 1548 mirabimur,
540 1494 568 1535 ut
578 1501 659 1551 neque
670 1485 749 1552 largis

167 1566 289 1633 Aquosus
299 1583 376 1617 eurus
386 1583 448 1616 arva
458 1566 532 1616 radat
543 1566 674 1629 imbribus,

138 1646 244 1715 Pinguia
254 1664 300 1698 nec
311 1649 383 1698 siccis
393 1654 501 1697 urantur
512 1648 608 1697 semina
617 1648 721 1713 glaebis,

168 1728 313 1794 Utrumque
322 1745 383 1795 rege
394 1735 549 1794 temperante
560 1727 686 1780 caelitum.

139 1809 195 1862 Non
204 1810 255 1860 huc
266 1811 356 1876 Argoo
366 1809 495 1859 contendit
506 1810 600 1875 remige
610 1811 693 1875 pinus,

167 1891 256 1958 Neque
267 1891 394 1956 impudica
404 1890 506 1940 Colchis
516 1891 602 1940 intulit
611 1891 699 1956 pedem
709 1912 717 1956 3
803 1910 811 1921 ·

139 1971 193 2023 Non
203 1974 253 2023 huc
266 1972 362 2023 Sidonii
372 1980 501 2022 torserunt
510 1989 604 2022 cornua
614 1981 716 2036 nautae,

168 2053 305 2106 Iaboriosa
315 2070 361 2104 nec
372 2054 461 2105 cohors
472 2054 567 2105 Ulixei.

140 2132 212 2185 Nulla
221 2141 312 2185 nocent
321 2135 405 2200 pecori
415 2135 541 2200 contagia,
552 2135 645 2184 nullius
656 2137 717 2187 astri

170 2214 280 2282 Gregem
291 2223 407 2265 aestuosa
417 2223 498 2265 torret
508 2217 662 2281 impotentia.

140 2294 250 2362 Iuppiter
260 2297 305 2346 illa
314 2297 371 2361 piae
382 2297 488 2346 secrevit
498 2296 574 2346 litora
584 2299 662 2361 genti,

170 2377 207 2428 Ut
216 2379 358 2444 inquinarit
368 2393 425 2428 aere
436 2385 534 2443 tempus
544 2394 663 2443 aureum,

143 2458 215 2523 here,
225 2460 315 2510 dehinc
326 2460 393 2510 t'erro
404 2460 504 2509 duravit
514 2460 606 2521 secula,
617 2476 723 2524 quorum

170 2539 221 2590 Piis
232 2541 343 2592 secunda
354 2549 412 2591 vate
424 2557 464 2590 me
474 2541 550 2592 datur
560 2541 628 2607 fuga

437 2779 542 2880 epta
