2320 3590
382 385 575 430 HORATIUS.

231 478 337 540 Tellure,
349 479 472 530 victorum
483 489 586 547 nepotes

259 559 367 610 Rettulit
376 562 481 612 inferias
492 563 638 629 Iugurthae.

200 642 261 702 Quis
270 658 320 692 non
331 643 423 694 latino
434 637 556 711 sanguine
566 647 684 713 pinguior

200 725 306 788 Campus
317 725 439 790 sepulcris
450 727 528 792 impia
538 728 634 791 proelia

229 803 346 855 Testatur
357 806 522 871 auditumque
532 808 615 858 Medis

262 886 400 951 Hesperiae
411 889 520 937 sonitum
530 890 641 939 ruinae?

200 965 249 1027 Qui
259 984 352 1034 gurges
362 978 407 1019 aut
417 986 483 1034 quae
494 969 597 1021 flumina
607 972 720 1039 lugubris

199 1047 290 1114 ignara
300 1048 378 1098 belli?
396 1051 463 1115 quod
474 1068 543 1101 mare
553 1054 667 1103 Dauniae

230 1127 287 1177 Non
298 1129 471 1180 decoloravere
481 1133 589 1184 caedes?

228 1191 232 1203 ’
261 1208 332 1269 Quae
342 1218 411 1261 caret
421 1228 467 1262 ora
476 1229 565 1264 cruore
575 1217 681 1266 nostro?

200 1289 248 1340 Sed
258 1307 289 1340 ne
299 1291 403 1352 relictis,
414 1294 490 1345 Musa
499 1312 602 1361 procax,
614 1299 673 1348 iocis

199 1370 263 1421 Ceae
274 1379 394 1423 retractes
404 1391 509 1426 munera
518 1381 614 1442 neniae,

229 1453 328 1504 Mecum
338 1456 451 1507 Dionaeo
462 1459 509 1508 sub
519 1467 593 1510 antro

262 1535 360 1597 Quaere
371 1539 457 1588 modos
467 1539 559 1590 leviore
569 1543 671 1608 plectro.

563 1626 695 1675 carminum
705 1640 735 1676 11.
750 1628 765 1675 i

455 1863 509 1900 clx.

345 1968 392 2022 Ac
401 1969 585 2026 Maecenatem.

150 2069 215 2175 5³¹2
254 2090 305 2140 UR
315 2108 356 2142 me
366 2094 485 2159 querellis
495 2112 624 2148 exanimas
635 2101 703 2149 turs²
778 2112 780 2115 ’

144 2189 161 2241 1
150 2142 249 2257 ”illigo
267 2172 325 2223 Nec
338 2172 377 2224 dis
385 2177 493 2226 amicum
503 2185 542 2227 est
552 2193 598 2228 nec
608 2180 670 2229 mihi
681 2189 707 2231 te
717 2183 788 2246 prius

144 2215 245 2300 9*λῖθῖ
303 2256 389 2322 Obire,
399 2257 542 2317 Maecenas,
553 2275 664 2310 mearum

342 2337 445 2388 Grande
455 2339 530 2390 decus
539 2342 702 2409 columenque
712 2360 803 2395 rerum.

198 2415 237 2464 A!
256 2425 281 2466 te
293 2433 362 2468 meae
372 2420 393 2468 si
404 2427 501 2484 partem
512 2423 609 2472 animae
621 2426 688 2489 rapit

200 2497 323 2549 Maturior
333 2503 380 2564 vis,
391 2502 452 2564 quid
461 2518 545 2553 moror
555 2503 644 2564 altera,

231 2578 284 2629 Nec
295 2596 368 2631 carus
379 2597 457 2647 aeque
466 2599 513 2633 nec
523 2592 650 2650 superstes

263 2660 386 2727 Integer?
419 2663 466 2712 llle
477 2664 530 2714 dics
540 2674 673 2731 utramque

201 2738 397 2792 Ducetruinam.
431 2744 489 2795 Non
499 2762 546 2812 ego
557 2748 678 2813 perfidum

201 2821 262 2872 Dixi
274 2834 468 2878 sacramentum:
485 2828 585 2891 ibimus,
596 2829 697 2893 ibimus,

476 2923 493 2957 ι
