2310 3592
368 407 605 455 enoecadioe.
804 425 846 479 187

144 491 179 540 Et
189 495 265 544 modo
276 496 391 550 formosis
402 502 547 554 incumbens
559 507 656 556 nescius
668 508 741 557 undis

175 574 297 626 Errorem
308 579 406 632 blandis
417 585 501 635 tardat
511 586 669 652 imaginibus.

142 653 257 706 Tandem
269 659 372 711 haurire
381 673 454 728 parat
465 666 578 717 demissis
589 668 693 718 flumina
701 670 790 735 palmis

173 736 284 788 Innixus
294 741 385 792 dextro
395 745 468 809 plena
478 746 581 797 trahens
591 748 708 800 humero:

142 815 224 867 Cuius
235 828 265 868 ut
275 836 392 874 accensae
403 827 519 891 Dryades
530 830 638 879 candore
648 831 745 897 puellae

176 897 287 949 Miratae
298 903 384 954 solitos
395 907 530 958 destituere
541 910 638 974 choros,

141 977 293 1045 Prolapsum
304 984 391 1035 leviter
400 987 469 1037 facili
479 996 580 1039 traxere
590 992 701 1056 liquore:

174 1060 242 1110 Tum
254 1066 363 1114 sonitum
370 1077 443 1133 rapto
453 1086 556 1136 corpore
567 1072 627 1122 fecit
637 1074 728 1139 Hylas.

141 1141 190 1191 Cui
201 1145 291 1207 procul
302 1147 405 1198 Alcides
416 1151 490 1200 itcrat
501 1168 630 1218 responsa:
647 1156 690 1204 sad
699 1156 735 1206 illi

174 1223 276 1274 Nomen
287 1226 320 1275 ab
330 1232 449 1280 extremis
461 1233 571 1284 fontibus
583 1251 644 1285 aura
655 1238 741 1286 refert.

142 1304 200 1366 His,
212 1322 228 1356 o
240 1306 324 1367 Galle,
333 1317 390 1360 tuos
401 1316 509 1363 monitus
521 1316 631 1367 servabis
642 1333 738 1368 amores

172 1387 325 1438 Formosum
335 1391 462 1458 Nymphis
471 1397 573 1446 credere
584 1399 652 1448 visus
663 1400 755 1465 Hylan.
780 1437 788 1456 „

682 1485 750 1547 Elea.
762 1498 808 1533 xx.

427 1618 561 1656 cmvm.

422 1716 506 1774 Liber
527 1719 565 1774 iii.

246 2211 337 2245 manus
346 2196 357 2243 l

145 2275 196 2325 Hic
207 2278 318 2342 primum
330 2277 392 2325 vidit
400 2278 452 2325 sine
464 2294 538 2328 sensu
548 2279 632 2328 vivere
642 2290 762 2342 amantes,

173 2358 210 2407 Et
219 2358 319 2408 levibus
330 2360 398 2408 curis
408 2375 500 2425 magna
511 2362 594 2425 perire
604 2361 676 2410 bona.

137 2439 209 2487 Idem
221 2455 274 2490 non
283 2440 381 2490 frustra
391 2449 506 2490 ventosas
517 2442 613 2491 addidit
623 2443 684 2506 alas,

168 2520 241 2570 Fecit
250 2528 277 2570 et
288 2521 399 2570 humano
410 2522 484 2572 corde
496 2523 579 2572 volare
589 2525 663 2573 deum
673 2545 680 2590 3

139 2598 242 2650 Scilicet
252 2601 351 2652 alterna
362 2604 479 2667 quoniam
490 2606 612 2653 iactamur
623 2606 650 2654 in
660 2607 737 2664 unda,

170 2680 317 2747 Nostraque
328 2699 378 2732 non
390 2684 447 2733 ullis
455 2693 585 2749 permonet
597 2702 658 2735 aura
669 2687 738 2736 locis.

139 2761 175 2811 Ilt
183 2766 274 2813 merito
284 2764 395 2824 hamatis
407 2781 495 2815 manus
507 2776 546 2816 est
556 2776 653 2817 armata
664 2771 770 2835 sagittis,

171 2841 207 2892 Et
217 2843 337 2909 pharetra
348 2861 381 2894 ex
392 2846 496 2896 humero
506 2848 601 2898 Gnosia
611 2856 717 2914 utroque
728 2853 807 2918 iacet3
