2360 3598
297 433 313 473 4
444 416 674 459 ANTHOLOGIA
697 419 837 461 turm.

296 505 378 554 Huius
389 506 483 556 roeleati
494 509 598 571 technis,
609 510 653 573 qui
663 526 711 572 mo,
721 518 750 560 ut
759 512 864 560 lubitum
874 513 983 573 ost,duo·

390 588 452 636 tavit
462 588 532 638 dolia.

298 664 347 714 Sed
357 665 421 727 vido,
432 667 466 715 sia
476 668 483 714 l
583 686 585 689 ·
611 692 612 695 =

327 748 373 795 Ar.
390 745 459 805 Quin
469 747 625 812 exploratum
636 747 691 797 dioo
699 756 727 798 at
736 751 861 812 provisum
870 749 917 798 hoo
926 750 981 800 tibi.

328 828 374 875 He.
390 825 510 875 Certon'?

315 908 318 912 '
326 907 372 956 Ar.
389 905 534 969 Quin'nihil,
541 908 650 971 inquam,
656 900 765 957 invenior
773 911 853 975 magia
860 910 906 959 hoo
915 918 983 959 corto

388 988 487 1035 eortius.

295 1063 446 1114 Philocrates
464 1067 513 1114 iam
534 1066 591 1115 indo
611 1081 690 1131 usqua
706 1069 800 1117 amicus
816 1068 866 1117 fuit
884 1068 946 1117 mihi
966 1084 982 1116 a

389 1160 467 1215 puero
476 1160 549 1208 puer.

326 1227 371 1275 He.
391 1225 439 1275 Sed
450 1242 500 1290 qua
510 1228 572 1276 faoie
581 1234 620 1276 ort
629 1235 686 1277 tuos
696 1227 787 1276 sodalis
798 1226 970 1278 Philocrates?

326 1309 372 1354 Ar.
823 1308 912 1358 Dioam
921 1309 981 1358 tibi:

269 1422 284 1441 ,
295 1384 427 1434 Macilento
432 1402 545 1445 oronam
551 1395 738 1451 acuto‚oorpore
744 1387 808 1450 albo,
813 1389 889 1437 oculis
894 1390 982 1453 nigris,

296 1464 417 1514 Subrufus
428 1466 592 1530 aliquantum,
603 1468 708 1531 crispus,
718 1467 879 1516 cincinnatus.

327 1547 373 1592 He.
803 1590 806 1594 .
853 1547 982 1597 Convenit.

329 1626 370 1686 Ty.
390 1623 426 1674 Ut
435 1625 533 1688 quidem
543 1624 625 1674 hercle
635 1625 662 1674 in
671 1625 780 1673 madium
789 1641 836 1691 ego
845 1627 918 1675 hodie
927 1642 981 1691 poa·

391 1720 459 1753 ruma
469 1706 636 1768 prooesserim.

295 1785 350 1833 Vae
363 1784 411 1834 illia
426 1786 502 1851 virgis
516 1787 621 1848 miseris,
632 1802 695 1849 quaa
708 1786 782 1835 hodio
792 1788 818 1835 in
828 1794 898 1851 tergo
908 1787 981 1835 mori·

390 1874 463 1914 antur
473 1867 542 1914 meo!
883 1847 898 1894 l

327 1947 370 1993 Hu
388 1944 475 1994 Verba
484 1946 546 1993 mihi
556 1945 615 1994 data
625 1961 680 1994 aare
690 1946 769 1994 vidoo.

329 2028 371 2087 Ty.
647 2024 713 2084 Quid
724 2026 834 2087 cessatis,
845 2023 980 2089 compedes,

295 2105 402 2154 Currere
412 2106 444 2153 ad
454 2120 493 2153 me
505 2120 607 2169 meaque
618 2104 733 2169 amplecti
743 2120 825 2165 crura,
836 2112 865 2154 ut
874 2120 918 2154 vos
927 2119 980 2151 oua·

389 2186 500 2234 todiam?

328 2268 371 2314 He.
390 2264 468 2314 Satin’
478 2264 534 2313 med
544 2265 582 2313 illi
597 2265 670 2313 hodie
683 2265 777 2313 scelesti
789 2266 855 2328 capti
865 2271 982 2328 oeperunt

390 2344 465 2394 dolo?

295 2425 349 2474 Illic
355 2439 450 2473 servom
456 2440 482 2472 se
490 2425 660 2481 adsimulabat,
666 2424 707 2472 hio
713 2438 766 2471 sose
773 2429 856 2470 autem
862 2421 981 2485 liborum3

282 2504 434 2579 ‘Nuculoum
445 2504 531 2568 amisi3
547 2504 648 2564 reliquit
658 2504 756 2568 pignori
765 2502 905 2565 putamina:

295 2585 335 2634 Ita
346 2586 380 2633 mi
387 2584 475 2634 stolido
486 2599 583 2632 sursum
592 2599 691 2633 vorsum
702 2598 729 2631 os
742 2581 868 2630 sublevere
879 2580 981 2630 offuoiia.

296 2666 344 2715 Hie
354 2664 452 2729 quidam
462 2680 501 2713 me
511 2679 637 2728 nunquam
643 2663 761 2713 irridebit
792 2659 910 2725 Colopho,
919 2659 981 2710 Cor·

390 2743 465 2805 dalio‚
475 2742 568 2803 Corax,

295 2825 334 2873 Ite
344 2825 416 2872 iatino
427 2830 501 2886 atqua
508 2822 593 2872 efferte
602 2822 667 2871 loral

329 2907 370 2953 Lo.
631 2902 698 2951 Num
709 2903 829 2968 lignatum
839 2901 980 2951 mittimur?
