<?xml version="1.0" encoding="UTF-8"?>
<!DOCTYPE html PUBLIC "-//W3C//DTD XHTML 1.0 Transitional//EN"
    "http://www.w3.org/TR/xhtml1/DTD/xhtml1-transitional.dtd">
<html xmlns="http://www.w3.org/1999/xhtml" xml:lang="en" lang="en">
 <head>
  <title>
</title>
<meta http-equiv="Content-Type" content="text/html;charset=utf-8" />
  <meta name='ocr-system' content='tesseract 3.04.00' />
  <meta name='ocr-capabilities' content='ocr_page ocr_carea ocr_par ocr_line ocrx_word'/>
</head>
<body>
  <div class='ocr_page' id='page_1' title='image "./anthologialatin02thacgoog_0236.png"; bbox 0 0 2310 3592; ppageno 0'>
   <div class='ocr_carea' id='block_1_1' title="bbox 391 432 812 481">
    <p class='ocr_par' dir='ltr' id='par_1_1' title="bbox 391 432 812 481">
     <span class='ocr_line' id='line_1_1' title="bbox 391 432 812 481; baseline 0.017 -7"><span class='ocrx_word' id='word_1_1' title='bbox 391 432 550 477; x_wconf 77' lang='lat' dir='ltr'><em>OVIDIUS.</em></span> <span class='ocrx_word' id='word_1_2' title='bbox 768 447 812 481; x_wconf 85' lang='lat'>211</span> 
     </span>
    </p>
   </div>
   <div class='ocr_carea' id='block_1_2' title="bbox 109 525 842 2549">
    <p class='ocr_par' dir='ltr' id='par_1_2' title="bbox 109 525 822 758">
     <span class='ocr_line' id='line_1_2' title="bbox 109 525 822 592; baseline -0.001 -16"><span class='ocrx_word' id='word_1_3' title='bbox 109 527 214 592; x_wconf 73' lang='lat' dir='ltr'>Iamque</span> <span class='ocrx_word' id='word_1_4' title='bbox 225 532 325 592; x_wconf 76' lang='lat' dir='ltr'>putrem</span> <span class='ocrx_word' id='word_1_5' title='bbox 341 525 496 591; x_wconf 78' lang='lat' dir='ltr'>famulosque</span> <span class='ocrx_word' id='word_1_6' title='bbox 511 526 592 592; x_wconf 77' lang='lat' dir='ltr'>putris</span> <span class='ocrx_word' id='word_1_7' title='bbox 607 525 737 589; x_wconf 81' lang='lat' dir='ltr'>lucemque</span> <span class='ocrx_word' id='word_1_8' title='bbox 750 527 822 575; x_wconf 89' lang='lat' dir='ltr'>time·</span> 
     </span>
     <span class='ocr_line' id='line_1_3' title="bbox 142 690 705 758; baseline 0.002 -17"><span class='ocrx_word' id='word_1_9' title='bbox 142 692 303 758; x_wconf 78' lang='lat' dir='ltr'><strong>Expulerunt</strong></span> <span class='ocrx_word' id='word_1_10' title='bbox 313 706 412 740; x_wconf 82' lang='lat' dir='ltr'><strong>somnos</strong></span> <span class='ocrx_word' id='word_1_11' title='bbox 423 690 487 740; x_wconf 76' lang='lat' dir='ltr'>haee</span> <span class='ocrx_word' id='word_1_12' title='bbox 497 706 554 740; x_wconf 82' lang='lat' dir='ltr'>mes</span> <span class='ocrx_word' id='word_1_13' title='bbox 564 691 631 740; x_wconf 78' lang='lat' dir='ltr'>dicta</span> <span class='ocrx_word' id='word_1_14' title='bbox 642 699 705 753; x_wconf 87' lang='lat' dir='ltr'>tuos,</span> 
     </span>
    </p>

    <p class='ocr_par' dir='ltr' id='par_1_3' title="bbox 111 772 778 920">
     <span class='ocr_line' id='line_1_4' title="bbox 111 772 778 840; baseline 0.004 -17"><span class='ocrx_word' id='word_1_15' title='bbox 111 777 118 799; x_wconf 93' lang='lat'>‘</span> <span class='ocrx_word' id='word_1_16' title='bbox 128 774 210 840; x_wconf 84' lang='lat' dir='ltr'>Surge</span> <span class='ocrx_word' id='word_1_17' title='bbox 222 789 279 840; x_wconf 74' lang='lat' dir='ltr'>age,</span> <span class='ocrx_word' id='word_1_18' title='bbox 288 772 385 835; x_wconf 79' lang='lat' dir='ltr'><strong>Belide,</strong></span> <span class='ocrx_word' id='word_1_19' title='bbox 396 773 428 821; x_wconf 89' lang='lat' dir='ltr'>de</span> <span class='ocrx_word' id='word_1_20' title='bbox 437 780 475 823; x_wconf 76' lang='lat' dir='ltr'>tot</span> <span class='ocrx_word' id='word_1_21' title='bbox 485 773 559 822; x_wconf 86' lang='lat' dir='ltr'>modo</span> <span class='ocrx_word' id='word_1_22' title='bbox 569 773 691 823; x_wconf 81' lang='lat' dir='ltr'>frutribus</span> <span class='ocrx_word' id='word_1_23' title='bbox 699 779 778 826; x_wconf 90' lang='lat' dir='ltr'>unus!</span> 
     </span>
     <span class='ocr_line' id='line_1_5' title="bbox 144 854 712 920; baseline 0.004 -16"><span class='ocrx_word' id='word_1_24' title='bbox 144 854 204 904; x_wconf 83' lang='lat' dir='ltr'>Nox</span> <span class='ocrx_word' id='word_1_25' title='bbox 215 855 273 917; x_wconf 87' lang='lat' dir='ltr'>tibi,</span> <span class='ocrx_word' id='word_1_26' title='bbox 281 855 308 903; x_wconf 89' lang='lat' dir='ltr'>ni</span> <span class='ocrx_word' id='word_1_27' title='bbox 319 869 449 920; x_wconf 82' lang='lat' dir='ltr'>properas,</span> <span class='ocrx_word' id='word_1_28' title='bbox 460 856 509 904; x_wconf 80' lang='lat' dir='ltr'>ists</span> <span class='ocrx_word' id='word_1_29' title='bbox 519 855 637 919; x_wconf 83' lang='lat' dir='ltr'>perennis</span> <span class='ocrx_word' id='word_1_30' title='bbox 647 857 712 906; x_wconf 84' lang='lat' dir='ltr'>erit&#39;</span> 
     </span>
    </p>

    <p class='ocr_par' dir='ltr' id='par_1_4' title="bbox 113 934 761 1083">
     <span class='ocr_line' id='line_1_6' title="bbox 113 934 761 1005; baseline 0.008 -23"><span class='ocrx_word' id='word_1_31' title='bbox 113 934 228 1005; x_wconf 65' lang='lat' dir='ltr'>Teuritus</span> <span class='ocrx_word' id='word_1_32' title='bbox 238 936 361 1001; x_wconf 79' lang='lat' dir='ltr'>exsurgis</span> <span class='ocrx_word' id='word_1_33' title='bbox 395 935 474 1001; x_wconf 82' lang='lat' dir='ltr'>Fugit</span> <span class='ocrx_word' id='word_1_34' title='bbox 484 935 564 983; x_wconf 91' lang='lat' dir='ltr'>omnis</span> <span class='ocrx_word' id='word_1_35' title='bbox 573 936 664 985; x_wconf 82' lang='lat' dir='ltr'>inertia</span> <span class='ocrx_word' id='word_1_36' title='bbox 675 940 761 988; x_wconf 83' lang='lat' dir='ltr'>somni.</span> 
     </span>
     <span class='ocr_line' id='line_1_7' title="bbox 143 1017 624 1083; baseline 0.004 -17"><span class='ocrx_word' id='word_1_37' title='bbox 143 1017 246 1083; x_wconf 80' lang='lat' dir='ltr'>Aspicis</span> <span class='ocrx_word' id='word_1_38' title='bbox 257 1018 284 1066; x_wconf 92' lang='lat' dir='ltr'>in</span> <span class='ocrx_word' id='word_1_39' title='bbox 294 1017 383 1068; x_wconf 77' lang='lat' dir='ltr'>timide</span> <span class='ocrx_word' id='word_1_40' title='bbox 394 1017 469 1066; x_wconf 84' lang='lat' dir='ltr'>fortis</span> <span class='ocrx_word' id='word_1_41' title='bbox 479 1017 530 1066; x_wconf 85' lang='lat' dir='ltr'>tels</span> <span class='ocrx_word' id='word_1_42' title='bbox 539 1033 624 1068; x_wconf 77' lang='lat' dir='ltr'>manu.</span> 
     </span>
    </p>

    <p class='ocr_par' dir='ltr' id='par_1_5' title="bbox 113 1099 770 1247">
     <span class='ocr_line' id='line_1_8' title="bbox 113 1099 770 1167; baseline 0.006 -18"><span class='ocrx_word' id='word_1_43' title='bbox 113 1099 250 1160; x_wconf 75' lang='lat' dir='ltr'>Quaerenti</span> <span class='ocrx_word' id='word_1_44' title='bbox 258 1116 360 1149; x_wconf 77' lang='lat' dir='ltr'>causum</span> <span class='ocrx_word' id='word_1_45' title='bbox 370 1100 444 1148; x_wconf 79' lang='lat' dir='ltr'>‘dum</span> <span class='ocrx_word' id='word_1_46' title='bbox 455 1115 506 1149; x_wconf 85' lang='lat' dir='ltr'>nox</span> <span class='ocrx_word' id='word_1_47' title='bbox 517 1100 586 1156; x_wconf 85' lang='lat' dir='ltr'>sinit,</span> <span class='ocrx_word' id='word_1_48' title='bbox 597 1100 692 1167; x_wconf 81' lang='lat' dir='ltr'>effuge&#39;</span> <span class='ocrx_word' id='word_1_49' title='bbox 702 1101 770 1153; x_wconf 83' lang='lat' dir='ltr'>dixi:</span> 
     </span>
     <span class='ocr_line' id='line_1_9' title="bbox 144 1181 738 1247; baseline 0.003 -18"><span class='ocrx_word' id='word_1_50' title='bbox 144 1181 229 1230; x_wconf 88' lang='lat' dir='ltr'>‘Dum</span> <span class='ocrx_word' id='word_1_51' title='bbox 236 1196 290 1230; x_wconf 85' lang='lat' dir='ltr'>uox</span> <span class='ocrx_word' id='word_1_52' title='bbox 300 1188 357 1230; x_wconf 78' lang='lat' dir='ltr'>stra</span> <span class='ocrx_word' id='word_1_53' title='bbox 367 1182 434 1243; x_wconf 86' lang='lat' dir='ltr'>sinit,</span> <span class='ocrx_word' id='word_1_54' title='bbox 446 1189 474 1230; x_wconf 88' lang='lat' dir='ltr'>tu</span> <span class='ocrx_word' id='word_1_55' title='bbox 485 1181 562 1247; x_wconf 83' lang='lat' dir='ltr'>fugis,</span> <span class='ocrx_word' id='word_1_56' title='bbox 575 1182 628 1247; x_wconf 83' lang='lat' dir='ltr'>ipss</span> <span class='ocrx_word' id='word_1_57' title='bbox 638 1186 738 1233; x_wconf 64' lang='lat' dir='ltr'>moror?</span> 
     </span>
    </p>

    <p class='ocr_par' dir='ltr' id='par_1_6' title="bbox 114 1261 769 1396">
     <span class='ocr_line' id='line_1_10' title="bbox 114 1261 769 1329; baseline 0.005 -17"><span class='ocrx_word' id='word_1_58' title='bbox 114 1261 189 1312; x_wconf 82' lang='lat' dir='ltr'>Mune</span> <span class='ocrx_word' id='word_1_59' title='bbox 196 1270 261 1318; x_wconf 75' lang='lat' dir='ltr'>erut,</span> <span class='ocrx_word' id='word_1_60' title='bbox 271 1270 297 1312; x_wconf 88' lang='lat' dir='ltr'>et</span> <span class='ocrx_word' id='word_1_61' title='bbox 307 1263 411 1312; x_wconf 77' lang='lat' dir='ltr'>Danaus</span> <span class='ocrx_word' id='word_1_62' title='bbox 422 1278 527 1329; x_wconf 83' lang='lat' dir='ltr'>generos</span> <span class='ocrx_word' id='word_1_63' title='bbox 538 1279 571 1312; x_wconf 86' lang='lat' dir='ltr'>ex</span> <span class='ocrx_word' id='word_1_64' title='bbox 581 1265 657 1313; x_wconf 79' lang='lat' dir='ltr'>caede</span> <span class='ocrx_word' id='word_1_65' title='bbox 667 1265 769 1316; x_wconf 78' lang='lat' dir='ltr'>iacentis</span> 
     </span>
     <span class='ocr_line' id='line_1_11' title="bbox 144 1343 723 1396; baseline 0.002 -2"><span class='ocrx_word' id='word_1_66' title='bbox 144 1344 302 1394; x_wconf 69' lang='lat' dir='ltr'>Dinumeret</span> <span class='ocrx_word' id='word_1_67' title='bbox 336 1343 453 1393; x_wconf 77' lang='lat' dir='ltr'>Summae</span> <span class='ocrx_word' id='word_1_68' title='bbox 461 1345 573 1394; x_wconf 81' lang='lat' dir='ltr'>criminis</span> <span class='ocrx_word' id='word_1_69' title='bbox 583 1361 648 1394; x_wconf 89' lang='lat' dir='ltr'>unus</span> <span class='ocrx_word' id='word_1_70' title='bbox 658 1346 723 1396; x_wconf 76' lang='lat' dir='ltr'>abes.</span> 
     </span>
    </p>

    <p class='ocr_par' dir='ltr' id='par_1_7' title="bbox 114 1425 720 1574">
     <span class='ocr_line' id='line_1_12' title="bbox 114 1425 720 1501; baseline 0.002 -26"><span class='ocrx_word' id='word_1_71' title='bbox 114 1425 174 1475; x_wconf 82' lang='lat' dir='ltr'>Fert</span> <span class='ocrx_word' id='word_1_72' title='bbox 185 1425 251 1475; x_wconf 74' lang='lat' dir='ltr'>male</span> <span class='ocrx_word' id='word_1_73' title='bbox 261 1436 381 1501; x_wconf 54' lang='lat' dir='ltr'>cognatae</span> <span class='ocrx_word' id='word_1_74' title='bbox 393 1428 515 1498; x_wconf 64' lang='lat' dir='ltr'>iaetugsm</span> <span class='ocrx_word' id='word_1_75' title='bbox 526 1429 613 1476; x_wconf 86' lang='lat' dir='ltr'>mortis</span> <span class='ocrx_word' id='word_1_76' title='bbox 624 1428 650 1475; x_wconf 89' lang='lat' dir='ltr'>in</span> <span class='ocrx_word' id='word_1_77' title='bbox 661 1443 720 1488; x_wconf 89' lang='lat' dir='ltr'>uno,</span> 
     </span>
     <span class='ocr_line' id='line_1_13' title="bbox 145 1506 688 1574; baseline 0.002 -17"><span class='ocrx_word' id='word_1_78' title='bbox 145 1508 179 1557; x_wconf 80' lang='lat' dir='ltr'>Et</span> <span class='ocrx_word' id='word_1_79' title='bbox 189 1506 304 1572; x_wconf 88' lang='lat' dir='ltr'>queritur</span> <span class='ocrx_word' id='word_1_80' title='bbox 315 1506 375 1555; x_wconf 80' lang='lat' dir='ltr'>facti</span> <span class='ocrx_word' id='word_1_81' title='bbox 386 1508 515 1572; x_wconf 75' lang='lat' dir='ltr'>sanguinis</span> <span class='ocrx_word' id='word_1_82' title='bbox 525 1523 579 1556; x_wconf 86' lang='lat' dir='ltr'>esse</span> <span class='ocrx_word' id='word_1_83' title='bbox 591 1524 688 1574; x_wconf 79' lang='lat' dir='ltr'>parum.</span> 
     </span>
    </p>

    <p class='ocr_par' dir='ltr' id='par_1_8' title="bbox 117 1587 805 1734">
     <span class='ocr_line' id='line_1_14' title="bbox 117 1587 805 1657; baseline 0.009 -20"><span class='ocrx_word' id='word_1_84' title='bbox 117 1588 258 1640; x_wconf 76' lang='lat' dir='ltr'>Abstrahor</span> <span class='ocrx_word' id='word_1_85' title='bbox 269 1604 285 1637; x_wconf 85' lang='lat' dir='ltr'>s</span> <span class='ocrx_word' id='word_1_86' title='bbox 294 1588 383 1653; x_wconf 75' lang='lat' dir='ltr'>patriis</span> <span class='ocrx_word' id='word_1_87' title='bbox 394 1587 507 1653; x_wconf 87' lang='lat' dir='ltr'>pedibus,</span> <span class='ocrx_word' id='word_1_88' title='bbox 518 1597 665 1654; x_wconf 68' lang='lat' dir='ltr'>raptamque</span> <span class='ocrx_word' id='word_1_89' title='bbox 676 1592 805 1657; x_wconf 79' lang='lat' dir='ltr'>capillis-</span> 
     </span>
     <span class='ocr_line' id='line_1_15' title="bbox 146 1669 742 1734; baseline 0.002 -15"><span class='ocrx_word' id='word_1_90' title='bbox 146 1670 217 1719; x_wconf 68' lang='lat' dir='ltr'>naec</span> <span class='ocrx_word' id='word_1_91' title='bbox 226 1670 318 1717; x_wconf 84' lang='lat' dir='ltr'>meruit</span> <span class='ocrx_word' id='word_1_92' title='bbox 328 1669 410 1734; x_wconf 76' lang='lat' dir='ltr'>pietas</span> <span class='ocrx_word' id='word_1_93' title='bbox 421 1669 648 1733; x_wconf 72' lang='lat' dir='ltr'>praemis—career</span> <span class='ocrx_word' id='word_1_94' title='bbox 658 1671 742 1722; x_wconf 79' lang='lat' dir='ltr'>habet.</span> 
     </span>
    </p>

    <p class='ocr_par' dir='ltr' id='par_1_9' title="bbox 117 1748 733 1903">
     <span class='ocr_line' id='line_1_16' title="bbox 117 1748 719 1815; baseline 0.007 -18"><span class='ocrx_word' id='word_1_95' title='bbox 117 1748 152 1800; x_wconf 77' lang='lat' dir='ltr'>At</span> <span class='ocrx_word' id='word_1_96' title='bbox 161 1758 199 1813; x_wconf 91' lang='lat' dir='ltr'>tu,</span> <span class='ocrx_word' id='word_1_97' title='bbox 209 1751 282 1813; x_wconf 80' lang='lat' dir='ltr'>siqua</span> <span class='ocrx_word' id='word_1_98' title='bbox 292 1749 359 1815; x_wconf 82' lang='lat' dir='ltr'>pise,</span> <span class='ocrx_word' id='word_1_99' title='bbox 369 1748 481 1814; x_wconf 83' lang='lat' dir='ltr'>Lynceu,</span> <span class='ocrx_word' id='word_1_100' title='bbox 491 1749 538 1799; x_wconf 90' lang='lat' dir='ltr'>tibi</span> <span class='ocrx_word' id='word_1_101' title='bbox 548 1765 608 1799; x_wconf 79' lang='lat' dir='ltr'>curs</span> <span class='ocrx_word' id='word_1_102' title='bbox 618 1754 719 1811; x_wconf 81' lang='lat' dir='ltr'>sororis,</span> 
     </span>
     <span class='ocr_line' id='line_1_17' title="bbox 146 1830 733 1903; baseline 0.009 -23"><span class='ocrx_word' id='word_1_103' title='bbox 146 1832 266 1895; x_wconf 73' lang='lat' dir='ltr'>Quaeque</span> <span class='ocrx_word' id='word_1_104' title='bbox 277 1830 323 1880; x_wconf 90' lang='lat' dir='ltr'>tibi</span> <span class='ocrx_word' id='word_1_105' title='bbox 334 1831 411 1879; x_wconf 85' lang='lat' dir='ltr'>tribui</span> <span class='ocrx_word' id='word_1_106' title='bbox 420 1845 533 1888; x_wconf 80' lang='lat' dir='ltr'>munera,</span> <span class='ocrx_word' id='word_1_107' title='bbox 545 1831 636 1903; x_wconf 65' lang='lat' dir='ltr'>diguus</span> <span class='ocrx_word' id='word_1_108' title='bbox 646 1833 733 1897; x_wconf 76' lang='lat' dir='ltr'>habes,</span> 
     </span>
    </p>

    <p class='ocr_par' dir='ltr' id='par_1_10' title="bbox 118 1909 842 2060">
     <span class='ocr_line' id='line_1_18' title="bbox 118 1909 842 1979; baseline 0.006 -18"><span class='ocrx_word' id='word_1_109' title='bbox 118 1912 164 1961; x_wconf 83' lang='lat' dir='ltr'>Vel</span> <span class='ocrx_word' id='word_1_110' title='bbox 174 1912 213 1961; x_wconf 84' lang='lat' dir='ltr'>fer</span> <span class='ocrx_word' id='word_1_111' title='bbox 223 1927 304 1976; x_wconf 85' lang='lat' dir='ltr'>opem,</span> <span class='ocrx_word' id='word_1_112' title='bbox 315 1910 355 1960; x_wconf 86' lang='lat' dir='ltr'>vel</span> <span class='ocrx_word' id='word_1_113' title='bbox 366 1909 428 1959; x_wconf 84' lang='lat' dir='ltr'>dede</span> <span class='ocrx_word' id='word_1_114' title='bbox 439 1912 500 1959; x_wconf 81' lang='lat' dir='ltr'>neci.</span> <span class='ocrx_word' id='word_1_115' title='bbox 534 1911 709 1979; x_wconf 77' lang='lat' dir='ltr'>Dedinctsque</span> <span class='ocrx_word' id='word_1_116' title='bbox 720 1916 771 1966; x_wconf 72' lang='lat' dir='ltr'>vita</span> <span class='ocrx_word' id='word_1_117' title='bbox 839 1948 842 1955; x_wconf 70' lang='lat'>‹</span> 
     </span>
     <span class='ocr_line' id='line_1_19' title="bbox 148 1992 641 2060; baseline -0.002 -16"><span class='ocrx_word' id='word_1_118' title='bbox 148 1993 257 2060; x_wconf 75' lang='lat' dir='ltr'>Corpora</span> <span class='ocrx_word' id='word_1_119' title='bbox 267 1992 367 2042; x_wconf 85' lang='lat' dir='ltr'>furtivis</span> <span class='ocrx_word' id='word_1_120' title='bbox 378 1993 480 2057; x_wconf 82' lang='lat' dir='ltr'>iusuper</span> <span class='ocrx_word' id='word_1_121' title='bbox 490 1992 552 2041; x_wconf 77' lang='lat' dir='ltr'>adde</span> <span class='ocrx_word' id='word_1_122' title='bbox 563 1996 641 2060; x_wconf 84' lang='lat' dir='ltr'>rogis,</span> 
     </span>
    </p>

    <p class='ocr_par' dir='ltr' id='par_1_11' title="bbox 120 2073 813 2307">
     <span class='ocr_line' id='line_1_20' title="bbox 120 2073 667 2142; baseline 0.002 -17"><span class='ocrx_word' id='word_1_123' title='bbox 120 2076 152 2124; x_wconf 78' lang='lat' dir='ltr'>Et</span> <span class='ocrx_word' id='word_1_124' title='bbox 161 2076 235 2142; x_wconf 85' lang='lat' dir='ltr'>sepeli</span> <span class='ocrx_word' id='word_1_125' title='bbox 245 2076 355 2125; x_wconf 73' lang='lat' dir='ltr'>lacrimis</span> <span class='ocrx_word' id='word_1_126' title='bbox 365 2076 467 2139; x_wconf 76' lang='lat' dir='ltr'>perfusa</span> <span class='ocrx_word' id='word_1_127' title='bbox 477 2073 591 2124; x_wconf 86' lang='lat' dir='ltr'>fidelibus</span> <span class='ocrx_word' id='word_1_128' title='bbox 601 2092 667 2138; x_wconf 78' lang='lat' dir='ltr'>ossa,</span> 
     </span>
     <span class='ocr_line' id='line_1_21' title="bbox 151 2153 771 2223; baseline 0.008 -18"><span class='ocrx_word' id='word_1_129' title='bbox 151 2154 300 2221; x_wconf 72' lang='lat' dir='ltr'>Sculptaque</span> <span class='ocrx_word' id='word_1_130' title='bbox 312 2156 362 2203; x_wconf 90' lang='lat' dir='ltr'>sint</span> <span class='ocrx_word' id='word_1_131' title='bbox 372 2153 445 2203; x_wconf 85' lang='lat' dir='ltr'>titulo</span> <span class='ocrx_word' id='word_1_132' title='bbox 456 2165 542 2203; x_wconf 81' lang='lat' dir='ltr'>nostra</span> <span class='ocrx_word' id='word_1_133' title='bbox 552 2157 683 2220; x_wconf 74' lang='lat' dir='ltr'>sepulchra</span> <span class='ocrx_word' id='word_1_134' title='bbox 693 2160 771 2223; x_wconf 84' lang='lat' dir='ltr'>brevi,</span> 
     </span>
     <span class='ocr_line' id='line_1_22' title="bbox 122 2236 813 2307; baseline 0.013 -22"><span class='ocrx_word' id='word_1_135' title='bbox 122 2236 196 2286; x_wconf 80' lang='lat' dir='ltr'>‘Exul</span> <span class='ocrx_word' id='word_1_136' title='bbox 207 2237 546 2303; x_wconf 78' lang='lat' dir='ltr'>Hypermestra-pretium</span> <span class='ocrx_word' id='word_1_137' title='bbox 557 2240 657 2303; x_wconf 79' lang='lat' dir='ltr'>pietatis</span> <span class='ocrx_word' id='word_1_138' title='bbox 668 2242 813 2307; x_wconf 90' lang='lat' dir='ltr'>iniquum—</span> 
     </span>
    </p>

    <p class='ocr_par' dir='ltr' id='par_1_12' title="bbox 125 2317 792 2549">
     <span class='ocr_line' id='line_1_23' title="bbox 152 2317 696 2384; baseline 0.007 -17"><span class='ocrx_word' id='word_1_139' title='bbox 152 2317 229 2379; x_wconf 80' lang='lat' dir='ltr'>Qusm</span> <span class='ocrx_word' id='word_1_140' title='bbox 239 2326 346 2368; x_wconf 86' lang='lat' dir='ltr'>mortem</span> <span class='ocrx_word' id='word_1_141' title='bbox 357 2318 432 2367; x_wconf 78' lang='lat' dir='ltr'>fratri</span> <span class='ocrx_word' id='word_1_142' title='bbox 443 2318 546 2383; x_wconf 83' lang='lat' dir='ltr'>depulit,</span> <span class='ocrx_word' id='word_1_143' title='bbox 558 2321 613 2384; x_wconf 81' lang='lat' dir='ltr'>ipsa</span> <span class='ocrx_word' id='word_1_144' title='bbox 623 2322 696 2373; x_wconf 88' lang='lat' dir='ltr'>tulit&#39;</span> 
     </span>
     <span class='ocr_line' id='line_1_24' title="bbox 125 2398 792 2469; baseline 0.013 -19"><span class='ocrx_word' id='word_1_145' title='bbox 125 2398 229 2451; x_wconf 79' lang='lat' dir='ltr'>Scribere</span> <span class='ocrx_word' id='word_1_146' title='bbox 239 2402 315 2467; x_wconf 76' lang='lat' dir='ltr'>plura</span> <span class='ocrx_word' id='word_1_147' title='bbox 325 2401 395 2450; x_wconf 87' lang='lat' dir='ltr'>libet.</span> <span class='ocrx_word' id='word_1_148' title='bbox 431 2399 480 2449; x_wconf 84' lang='lat' dir='ltr'>Sed</span> <span class='ocrx_word' id='word_1_149' title='bbox 491 2401 599 2466; x_wconf 84' lang='lat' dir='ltr'>pondere</span> <span class='ocrx_word' id='word_1_150' title='bbox 610 2404 681 2469; x_wconf 77' lang='lat' dir='ltr'>lapsa</span> <span class='ocrx_word' id='word_1_151' title='bbox 690 2415 792 2460; x_wconf 78' lang='lat' dir='ltr'>estense</span> 
     </span>
     <span class='ocr_line' id='line_1_25' title="bbox 151 2480 704 2549; baseline 0.011 -18"><span class='ocrx_word' id='word_1_152' title='bbox 151 2480 194 2531; x_wconf 81' lang='lat' dir='ltr'>Fst</span> <span class='ocrx_word' id='word_1_153' title='bbox 202 2497 301 2544; x_wconf 79' lang='lat' dir='ltr'>manus,</span> <span class='ocrx_word' id='word_1_154' title='bbox 311 2487 339 2531; x_wconf 88' lang='lat' dir='ltr'>et</span> <span class='ocrx_word' id='word_1_155' title='bbox 348 2482 414 2530; x_wconf 85' lang='lat' dir='ltr'>vires</span> <span class='ocrx_word' id='word_1_156' title='bbox 426 2481 551 2532; x_wconf 82' lang='lat' dir='ltr'>subtrahit</span> <span class='ocrx_word' id='word_1_157' title='bbox 561 2484 614 2549; x_wconf 88' lang='lat' dir='ltr'>ipse</span> <span class='ocrx_word' id='word_1_158' title='bbox 624 2486 704 2537; x_wconf 86' lang='lat' dir='ltr'>timor.</span> 
     </span>
    </p>
   </div>
   <div class='ocr_carea' id='block_1_3' title="bbox 655 2575 753 2621">
    <p class='ocr_par' dir='ltr' id='par_1_13' title="bbox 655 2575 753 2621">
     <span class='ocr_line' id='line_1_26' title="bbox 655 2575 753 2621; baseline 0.061 -6"><span class='ocrx_word' id='word_1_159' title='bbox 655 2585 676 2618; x_wconf 86' lang='lat' dir='ltr'>v.</span> <span class='ocrx_word' id='word_1_160' title='bbox 691 2575 753 2621; x_wconf 80' lang='lat'>1-50.</span> 
     </span>
    </p>
   </div>
   <div class='ocr_carea' id='block_1_4' title="bbox 0 0 1170 3592">
    <p class='ocr_par' dir='ltr' id='par_1_14' title="bbox 0 0 1170 3592">
     <span class='ocr_line' id='line_1_27' title="bbox 0 0 1170 3592; baseline 0 0"><span class='ocrx_word' id='word_1_161' title='bbox 0 0 1170 3592; x_wconf 95' lang='lat' dir='ltr'> </span> 
     </span>
    </p>
   </div>
  </div>
 </body>
</html>
