2310 3592
337 364 381 410 242
478 348 496 388 A
502 347 577 390 NTH
579 347 706 390 oroma
734 346 875 388 LATINA.

336 442 396 490 Men
407 443 495 506 mutire
508 440 599 489 nefas?
621 455 666 488 nec
675 439 748 499 clem,
759 453 803 486 nec
813 454 870 486 cum
882 437 967 486 scrobe
974 437 1024 484 i-¹

431 523 439 548 ‘
452 520 629 584 Nusquam!-

338 602 387 649 Hio
397 607 480 648 tamen
489 599 622 648 infodiam:
645 597 722 659 ‘vidi,
731 598 781 647 vidi
792 600 853 663 ipse,
863 598 945 648 libelle
955 619 961 648 z

337 679 469 728 Auricules
486 680 548 727 asini
564 679 620 742 quis
636 694 685 728 non
701 678 898 728 hubeti'-Hoc
913 694 960 744 ego

433 766 553 822 opertum,

340 838 393 887 Hoc
404 839 484 887 ridere
494 854 583 892 meum.
592 845 643 886 tam
653 838 697 901 nil,
708 837 776 886 nulla
787 838 832 886 tibi
842 838 921 887 vendo

338 917 421 965 Iliade.
455 917 553 965 Audaci
564 918 711 980 quicumque
721 916 801 964 afflate
813 915 916 965 Cratino

339 996 433 1044 Iratum
444 996 588 1060 Eupolidem
600 996 745 1060 praegrandi
757 1012 813 1046 cum
824 1013 882 1045 sene
892 996 975 1061 pelles.

339 1075 446 1142 Adspice
457 1084 483 1125 et
493 1077 562 1137 haec,
574 1078 594 1124 si
605 1076 668 1125 forte
679 1076 772 1139 aliquid
782 1076 905 1126 decoctius
916 1077 992 1127 audis.

338 1155 399 1209 Inde
410 1164 526 1221 vapor-ata
536 1156 612 1204 lector
620 1157 681 1204 mihi
690 1157 782 1205 ferveat
794 1172 860 1206 aure.

751 1239 800 1284 Sat.
812 1251 830 1284 1.
845 1252 867 1285 V.
883 1241 993 1285 114126.

643 1388 721 1422 chx.

448 1483 568 1536 Immanis
580 1484 688 1535 aramei
699 1485 781 1552 letigit
790 1502 916 1538 mouc-

338 1583 540 1823 QUO,
562 1605 683 1667 Macrim,
704 1605 768 1654 uum
789 1622 894 1657 numera
914 1607 1008 1659 meliore

540 1686 631 1749 lapillo,

476 1764 526 1825 Qui
535 1765 580 1814 tibi
587 1766 696 1814 labentes
706 1767 807 1830 apponit
816 1767 935 1817 candidus
943 1783 1020 1817 anuos.

339 1850 425 1899 Funde
436 1864 529 1896 merum
542 1847 629 1898 Genio.
661 1848 719 1896 Non
729 1856 757 1896 tu
768 1864 840 1912 prece
850 1847 930 1911 poscis
940 1846 1017 1901 emaci.

313 1927 325 1943 ⁸
341 1930 413 1989 Quae
423 1929 471 1976 nisi
483 1929 588 1978 seductis
599 1943 707 1991 nequeas
717 1931 871 1978 committere
881 1927 949 1976 divis.

340 2012 377 2058 At
389 2011 452 2058 bone
462 2024 520 2072 pars
531 2023 660 2070 procerum
671 2009 746 2056 tacita
755 2008 844 2057 libebit
854 2023 951 2057 acerra:

340 2090 414 2138 Haud
422 2089 499 2138 cuivis
508 2096 649 2151 promptum
657 2095 704 2145 eet,
712 2103 872 2153 murmurque
880 2089 1025 2152 humilesque

437 2183 551 2216 susurros

342 2248 438 2297 Tollere
450 2247 479 2295 de
490 2248 595 2312 templis,
606 2254 631 2296 et
641 2255 727 2312 aperto
737 2247 819 2298 vivere
831 2256 896 2299 voto.

407 2345 419 2373 ⁸
519 2345 533 2371 ff
629 2348 643 2372 Q
741 2346 754 2372 0
851 2347 865 2374 0
960 2345 974 2374 Ο

343 2397 442 2456 Aurum
453 2423 511 2455 vasa
522 2407 618 2454 Numee
630 2405 795 2470 Saturniaque
805 2408 903 2473 impulit
912 2422 976 2469 uere,

343 2490 504 2553 Vestalesque
515 2504 598 2545 urnas,
608 2495 634 2536 et
644 2487 752 2536 Tuscum
763 2489 838 2538 fictile
848 2496 934 2539 mutat

341 2569 363 2618 Ο
375 2584 463 2618 curvae
473 2569 500 2616 in
510 2569 583 2616 terris
592 2569 695 2627 animae,
706 2575 732 2616 et
741 2568 883 2617 caelestium
893 2569 989 2617 inanes!

340 2648 407 2708 Quid
417 2650 483 2696 iuvat
495 2647 548 2702 hoc,
561 2647 658 2711 templis
668 2653 765 2695 nostros
775 2648 907 2707 immittere
916 2661 1001 2708 mores,

339 2725 374 2774 Et
384 2726 449 2774 bona
459 2725 497 2773 dis
508 2740 541 2772 ex
551 2724 599 2773 hac
610 2724 729 2773 scelerata
738 2724 828 2774 ducere
838 2726 933 2791 pulpa?

342 2805 412 2854 Haec
422 2805 469 2854 sibi
479 2813 594 2869 corrupto
604 2806 695 2853 casiam
706 2804 820 2855 dissolvit
830 2788 916 2869 olivo:
