2320 3590
333 444 378 489 150
479 422 716 468 sunnonem
744 421 889 463 nisius.

396 521 478 585 Atqui
490 521 583 570 sciebat
594 534 659 583 quae
672 517 720 566 sibi
732 516 854 565 barbarus

399 602 491 651 Tertor
502 609 619 666 pararet3
636 616 685 649 non
696 598 770 647 aliter
781 606 865 646 tamen

459 684 571 731 Dimnvit
581 683 708 732 obstantes
720 680 873 744 propinquos

526 764 560 813 Et
571 763 691 828 populum
704 760 800 810 reditus
811 762 954 809 morantem,

403 887 485 948 Quam
496 889 518 935 si
526 886 646 935 clientum
657 885 732 949 longa
743 883 845 947 negetis

406 970 550 1019 Diiudieata
560 969 604 1017 lite
616 967 779 1030 relinqueret,

465 1050 582 1099 Tendens
592 1048 752 1098 VenaFranes
764 1047 790 1094 in
800 1059 874 1110 agros

535 1130 591 1178 Aut
602 1128 824 1177 Lacedaemonium
835 1125 975 1173 Tarentum,

902 1223 923 1252 v.
933 1204 1009 1252 cll-56.

659 1314 725 1350 exn.

533 1414 580 1466 Ad
591 1413 721 1465 Aristium
732 1411 852 1464 Fuscum.

372 1508 639 1757 &mmm
647 1530 713 1577 vitae
726 1527 873 1591 seelerisque
886 1534 965 1588 purus

508 1612 569 1660 Non
581 1618 638 1676 eget
649 1609 748 1658 Mauris
759 1607 845 1657 iaculis
856 1619 936 1668 neque
947 1617 1001 1650 areu

509 1693 562 1742 Nee
574 1692 702 1740 venenatis
713 1689 818 1756 gravida
829 1687 937 1752 sagittis,

564 1772 654 1832 lusce,
665 1770 797 1837 pharetra,

440 1892 497 1942 Sive
507 1907 553 1956 per
564 1889 646 1955 Syrtis
657 1889 706 1936 iter
714 1893 840 1934 aestuosas

437 1974 495 2022 Sive
503 1972 615 2020 fauturus
628 1984 675 2032 pesv
684 1965 860 2030 inhospitalem

437 2056 576 2105 Caucasum
587 2050 626 2099 vel
636 2065 701 2114 quae
713 2049 767 2096 leea
777 2044 905 2094 fabulosus

506 2132 609 2183 Iambit
619 2130 760 2196 Hydaspes.

442 2248 557 2312 Namque
570 2261 609 2294 me
621 2244 684 2293 silva
693 2243 767 2306 lupus
778 2242 805 2290 in
816 2239 918 2300 Sabina,

438 2331 506 2379 Dum
517 2342 598 2376 meam
609 2332 682 2374 canto
692 2323 804 2388 Lalagen
814 2328 840 2371 el
851 2321 918 2368 ultra

438 2411 585 2459 'ferminum
597 2409 663 2456 curis
675 2421 752 2470 vagor
763 2403 895 2470 expeditis,

505 2491 585 2556 Fugit
597 2491 734 2537 inermem:

440 2606 521 2669 Quale
532 2611 677 2669 portentum
688 2617 769 2666 neque
779 2599 895 2650 militaris

443 2687 557 2736 Daunias
568 2684 627 2734 latis
638 2683 683 2732 alit
694 2682 833 2742 aesculetis,

441 2771 495 2819 Nee
505 2768 585 2817 Iubae
596 2766 670 2816 tellus
681 2771 792 2831 generat,
802 2763 901 2812 leonum

509 2850 592 2900 Arida
602 2849 698 2897 nutrix.
