2360 3598
460 425 528 467 ΡΜ
536 427 632 470 UTUS.
860 443 888 480 11

203 515 227 565 is
236 533 281 566 nos
291 533 336 581 per
347 519 428 583 gentis
438 519 513 567 elium
524 520 573 568 slis
585 521 740 584 disparet(

201 595 251 656 Qui
261 597 329 646 facts
338 598 475 656 hominum,
485 615 573 660 mores,
584 602 708 663 pletstem,
719 606 744 648 et
755 600 827 649 fldem

201 676 225 723 N
225 692 346 738 cscsmus,
355 685 384 725 ut
394 694 515 742 quemque
525 680 624 728 adiuvet
632 680 778 743 opulentis.-

201 756 251 816 Qui
262 758 338 805 falses
349 757 403 806 lites
414 758 482 806 falsis
493 761 639 808 testimoniis

201 837 301 897 Petunt,
312 838 403 900 quique
414 838 439 885 in
450 839 503 886 iure
514 838 629 886 abiurant
639 839 775 902 pecuniam,

201 916 293 964 Eorum
304 917 433 965 referimus
442 918 541 966 nomine
549 919 674 981 exscripta
683 918 715 965 ed
725 917 816 966 Iovem.

201 995 297 1045 Cotidie
308 996 349 1044 ille
359 997 406 1045 scit
416 998 472 1060 quis
482 998 523 1045 hic
534 1003 636 1061 quaerut
646 997 743 1046 malum.

201 1074 252 1134 Qui
261 1075 302 1123 hic
311 1075 379 1123 litem
391 1077 494 1140 adipisci
504 1077 630 1141 postulent
641 1079 749 1139 periurio

201 1155 271 1217 Meli,
282 1171 322 1204 res
332 1156 406 1204 falsas
417 1158 460 1219 qui
470 1159 602 1220 impetrent
612 1156 677 1219 apud
687 1156 805 1219 iudicem3

202 1235 296 1284 Iterum
306 1237 347 1284 ille
358 1216 412 1285 euin
424 1253 477 1284 rem
488 1237 620 1285 iudicatam
631 1236 738 1300 iudicut3

201 1315 297 1363 Maiore
307 1317 385 1364 mults
395 1317 493 1377 multet,
503 1332 576 1379 quam
586 1317 655 1364 litem
664 1316 786 1365 auferunt.

201 1394 282 1442 Bonos
292 1396 318 1442 in
329 1395 385 1443 eliis
395 1396 485 1444 tabulis
495 1397 631 1459 exscriptos
641 1394 721 1444 hebet.
796 1422 798 1425 ·

202 1478 287 1539 Atque
297 1476 343 1523 hoc
354 1476 450 1524 scelesti
462 1476 488 1522 in
499 1477 608 1524 animum
619 1475 738 1523 inducunt
748 1491 827 1534 suum,

202 1554 285 1602 Iovem
297 1570 322 1603 se
333 1555 430 1619 placere
441 1571 511 1619 pesse
522 1555 600 1616 donis,
611 1554 704 1604 hostiis.

202 1633 235 1681 Et
244 1648 344 1697 operam
354 1641 380 1682 et
393 1641 502 1683 sumtum
512 1633 633 1697 perdunt:
650 1633 676 1681 id
687 1647 716 1681 eo
726 1632 764 1695 fit,
774 1639 833 1696 quis
841 1657 861 1684 x

203 1712 271 1761 Nihil
282 1715 305 1763 ei
316 1722 443 1778 acceptum
453 1722 491 1762 est
501 1729 516 1761 s
526 1713 632 1776 periuris
642 1712 761 1776 supplicii.

202 1793 316 1856 Facilius,
327 1796 349 1842 si
359 1796 403 1859 qui
412 1794 468 1857 pius
478 1801 524 1854 est,
536 1809 551 1841 a
561 1793 598 1840 dis
608 1792 755 1856 supplicans,

202 1872 281 1933 Quum
293 1875 337 1938 qui
348 1872 484 1934 scelestnst,
494 1872 600 1921 inveniet
609 1872 706 1920 venium
716 1873 770 1921 sibi.

202 1954 295 2002 Idcirco
305 1968 393 2001 moneo
403 1968 446 2001 vus
455 1968 502 2016 ego
511 1952 580 2013 hsec,
591 1952 634 2014 qui
645 1953 703 1999 estis
713 1951 779 2011 boni,

202 2033 299 2098 Quique
308 2040 415 2083 aetutem
426 2033 499 2096 agitis
509 2047 565 2079 cum
574 2033 666 2094 pietate
676 2038 702 2077 et
712 2045 767 2078 cum
777 2029 837 2080 fider

202 2113 313 2162 Retinete
323 2128 408 2178 porro,
418 2118 474 2176 post
482 2111 575 2159 factum
584 2118 613 2160 ut
620 2109 751 2159 laetemini.

460 2510 626 2626 seh
