2320 3590
399 434 602 479 rnncrnrus
825 457 857 502 93

150 519 252 571 Amisso
264 538 357 589 rupere
368 526 452 590 fidem,
462 537 654 594 constructaque
663 530 738 581 melle

152 600 288 668 Diripuere
299 609 369 671 ipsse
380 617 407 658 et
415 613 490 660 crutis
500 613 594 662 solvere
601 614 724 666 favorum.

150 683 196 732 Ille
207 702 311 750 eperum
322 697 416 753 custos,
428 693 498 741 illum
511 695 676 757 admirentur,
687 705 713 746 et
722 713 808 747 omnes

150 764 319 818 Circumstant
331 770 434 821 fremitu
442 774 518 824 denso
530 778 673 842 stipantque
682 778 834 844 frequentes,

150 845 184 894 Et
194 863 270 913 saepe
279 851 400 902 attollunt
409 855 529 919 humeris,
540 865 566 906 et
575 875 681 924 corpore
691 860 757 909 bello

149 927 283 979 Obiectent
293 932 473 998 pulchramque
480 945 568 1000 petunt
574 954 619 1003 per
628 941 730 989 volnere
741 950 854 991 mortem.

182 1009 231 1059 His
241 1013 343 1076 quidam
355 1016 433 1080 signis
443 1023 519 1082 utque
530 1017 592 1069 haec
602 1022 718 1086 exempla
728 1024 806 1073 secuti
821 1037 828 1066 «⁴
841 1023 843 1027 ’

150 1088 213 1138 Esse
223 1093 311 1156 apibus
320 1103 417 1158 partem
427 1097 525 1146 divinae
536 1102 626 1150 mentis
637 1109 663 1152 et
674 1103 779 1154 haustus

151 1171 287 1223 Aetherios
298 1175 401 1241 dixere3
418 1178 493 1227 deum
504 1194 613 1245 numque
624 1185 661 1232 ire
671 1200 716 1248 per
727 1187 806 1234 omnis

150 1252 293 1319 Terraeque
300 1263 447 1322 tractusque
455 1263 531 1310 meris
539 1264 684 1329 caelumque
688 1266 837 1331 profundum
846 1288 854 1332 3

150 1330 217 1380 Hinc
226 1333 344 1397 pecudes,
352 1344 474 1399 armenta,
483 1339 558 1401 viros,
565 1357 645 1404 genus
653 1358 725 1392 omne
730 1344 855 1405 derumm,

150 1410 282 1477 Quemque
293 1414 340 1464 sibi
351 1418 434 1466 tenuis
445 1427 588 1469 nascentem
599 1437 723 1473 arcessere
734 1425 813 1490 vitus3

151 1491 251 1542 Scilicet
262 1493 312 1544 huc
322 1497 392 1546 reddi
404 1499 492 1548 deinde
502 1516 532 1550 sc
543 1503 653 1552 resolute
662 1506 751 1554 referri

151 1573 251 1638 Omnia,
261 1592 308 1626 nec
316 1580 393 1628 morti
401 1596 455 1630 esse
465 1581 555 1642 locum,
565 1584 608 1632 sed
618 1586 676 1634 viru
686 1585 769 1634 volare

148 1651 244 1704 Sideris
255 1656 282 1704 in
292 1672 424 1708 numerum
436 1667 513 1725 atque
524 1662 575 1712 altu
587 1666 719 1714 succedere
729 1666 804 1715 escle.

671 1763 693 1794 v.
706 1750 820 1796 uto-227.

449 1854 555 1891 LXXVII.

392 1940 507 2010 Cyrenes
519 1944 615 2014 Regia.

151 2301 247 2352 Luctus
257 2301 380 2362 Aristaei,
391 2302 526 2367 vitreisque
538 2304 656 2353 sedilibus
666 2321 751 2354 omnes

155 2381 320 2447 Obstipuere3
339 2381 383 2429 sed
393 2388 450 2430 unte
461 2382 524 2432 elius
535 2385 663 2434 Arethusa
674 2402 771 2436 sorores

154 2461 312 2528 Prospiciens
323 2477 421 2510 summa
431 2461 522 2512 flevum
533 2473 609 2529 ceput
618 2467 709 2515 extulit
719 2468 795 2529 undu,

149 2544 182 2593 Et
191 2544 292 2609 procul:
311 2546 332 2594 Ο
343 2544 439 2608 gemitu
449 2560 499 2593 non
509 2544 603 2595 frustra
612 2548 733 2596 exterrita
743 2558 821 2611 tante,

149 2624 248 2691 Cyrene
260 2640 341 2687 soror,
353 2626 409 2689 ipse
420 2625 475 2687 tibi,
488 2633 533 2675 tue
543 2643 660 2676 maxuma
671 2643 740 2690 eura,

148 2706 238 2756 Tristis
249 2707 385 2755 Aristaeus
393 2704 471 2753 Penei
481 2707 601 2771 genitoris
612 2708 644 2756 ed
652 2708 745 2757 undum

150 2785 203 2837 Stet
211 2788 356 2850 lacrimans,
367 2795 394 2835 et
406 2793 432 2835 te
441 2787 565 2836 crudelem
578 2788 676 2838 nomine
685 2789 754 2841 dicit.
835 2815 839 2821 =

148 2868 212 2920 Huic
222 2884 343 2936 percussu
354 2883 420 2917 nove
429 2875 537 2917 mentem
547 2869 678 2920 formidine
689 2879 777 2930 meter,
