2310 3592
315 394 363 451 us
462 389 695 434 surnonoeu
717 389 864 432 cirrus.

609 563 720 600 ccxxiv.

465 652 467 657 ⁴
532 663 656 718 Troades.
694 661 751 716 Act
762 681 788 715 v.

316 1024 329 1073 ¹:
357 1034 368 1061 ¹
382 1020 405 1048 ¹·

317 1133 430 1220 «ψ,
450 1082 975 1231 iuimicitias,

307 1245 421 1312 Regebat
431 1247 505 1299 acies.
540 1245 621 1296 Turre
632 1245 659 1294 in
668 1245 716 1295 hac
727 1243 818 1293 blando
829 1245 887 1293 sinu

308 1330 405 1379 Foveus
415 1337 539 1394 nepotem,
549 1344 607 1378 cunr
617 1334 687 1377 metu
698 1341 782 1376 versos
791 1327 864 1392 gravi

308 1410 410 1460 Danaos
420 1410 521 1476 fugaret
531 1408 627 1459 Hector
635 1416 662 1458 et
672 1407 775 1457 ferrost
785 1407 849 1468 iace,

307 1492 419 1542 Paterna
428 1507 507 1557 puero
517 1490 584 1541 bella
593 1489 749 1539 monstrabat
759 1504 845 1538 senex.
854 1501 888 1518 ⁸·

308 1573 359 1622 Per
369 1574 452 1636 sputis
463 1572 514 1622 luta
524 1572 601 1638 plena
611 1571 711 1621 sublimi
721 1570 803 1638 gradu

308 1652 406 1703 Incedit
416 1653 528 1713 Ithacus,
539 1652 672 1719 parvulum
683 1652 774 1702 dextra
785 1650 890 1701 trahens

307 1733 404 1785 Priami
414 1742 541 1800 nepotem3
559 1750 605 1785 nec
615 1734 697 1801 gradu
707 1734 778 1799 segni
788 1746 852 1798 puer

308 1815 353 1864 Ad
362 1815 415 1865 alta
424 1817 508 1883 pergit
517 1817 624 1866 moenia.
656 1814 694 1865 Ut
705 1830 803 1864 namma
812 1815 883 1865 stetit

309 1896 361 1946 Pro
372 1905 451 1960 turre,
462 1896 548 1947 vultus
556 1896 606 1946 huc
616 1904 642 1947 et
651 1895 701 1946 huc
712 1910 782 1946 acres
793 1893 861 1958 tulit,

305 1978 449 2043 Intrepidus
460 1979 551 2028 animo.
586 1977 674 2039 Qualis
683 1978 793 2044 ingentis
803 1977 873 2027 ieras

306 2058 403 2108 Parvus
413 2066 533 2124 tenerque
543 2058 618 2118 fetus,
629 2066 657 2108 et
665 2058 777 2129 noudum
787 2065 876 2123 potens

308 2139 408 2190 Saevire
420 2139 503 2203 deute,
514 2140 565 2190 iam
575 2148 660 2190 tamen
670 2139 737 2189 tollit
747 2140 838 2203 minas,

307 2220 458 2285 Morsnsque
469 2222 556 2271 inanes
567 2228 656 2282 tentat,
668 2227 744 2285 etque
756 2222 846 2270 smmis
856 2225 949 2270 tumetz

307 2300 348 2353 Sic
359 2301 402 2351 iile
411 2302 502 2352 dextra
511 2318 617 2368 prensus
627 2302 713 2351 hostili
722 2317 786 2368 puer

306 2382 398 2444 Ferox,
409 2398 515 2449 superne
526 2391 638 2433 moverat
647 2383 751 2450 vulgum
758 2398 788 2433 ac
798 2383 882 2444 duces,

225 2476 227 2481 ’
305 2463 443 2530 Ipsumque
454 2464 572 2531 Ulysseu.
605 2464 665 2515 Non
674 2464 719 2515 det
729 2480 744 2514 e
755 2465 830 2515 turba
841 2465 956 2524 omniun,

306 2544 357 2606 Qui
366 2544 454 2597 fleturr
471 2560 501 2596 ac
511 2545 571 2595 dum
581 2545 658 2595 verba
668 2544 764 2595 fatidici
774 2552 800 2595 et
811 2560 897 2611 preces

306 2625 422 2692 Concipit
432 2626 538 2693 Ulysses
548 2628 624 2690 vatis,
634 2634 660 2677 et
671 2642 758 2677 saevos
768 2628 817 2678 ciet

304 2707 349 2756 Ad
359 2724 431 2758 sacra
441 2722 552 2774 superos,
564 2715 651 2775 sponte
661 2708 761 2759 desiluit
771 2724 817 2758 sus

304 2787 337 2836 In
348 2789 431 2838 media
442 2789 538 2839 Priami
548 2805 634 2854 regna
