2320 3590
374 458 580 503 ennomus,
792 476 835 522 ¹²7

132 551 202 602 Silva
213 551 261 602 fuit
272 552 323 603 late
334 554 418 603 dumis
429 563 505 619 atque
516 554 573 604 ilice
583 556 658 619 nigre

130 629 252 691 Horrida,
265 647 341 695 quam
349 631 420 680 densi
429 631 577 697 eonplerant
587 631 697 696 undique
706 638 803 697 sentes3

132 710 201 760 Rara
211 727 258 777 per
268 712 378 761 oecultos
389 712 488 762 lucebat
499 714 588 762 semita
599 713 683 762 ealles.

130 789 273 855 Euryalum
282 790 400 839 tenebrae
411 806 538 839 ramorum
549 805 703 855 onerosaque
714 790 807 855 praeda

130 866 277 931 Inpediunt,
287 867 401 931 fallitque
412 869 486 917 timor
496 870 599 933 regione
611 869 714 917 viarum.

131 944 210 994 Nisus
220 945 288 1009 abit3
305 945 405 1008 iamque
417 945 553 1009 inprudens
564 952 678 994 evaserat
687 945 766 995 hostis

131 1026 219 1091 Atque
229 1025 307 1082 locos,
317 1027 361 1089 qui
371 1034 429 1090 post
438 1026 522 1075 Albae
532 1026 564 1074 de
574 1028 673 1076 nomine
683 1027 745 1076 dieti

132 1107 237 1169 Albani,
248 1115 302 1156 tum
313 1123 359 1155 rex
367 1107 465 1155 stabula
476 1107 528 1156 alta
538 1106 645 1157 latinus
656 1107 782 1158 habebat:

132 1186 171 1236 Ut
181 1188 262 1249 stetit,
272 1193 298 1235 et
309 1186 403 1234 frustra
414 1186 542 1235 absentem
552 1187 665 1252 respexit
676 1189 794 1237 amicum:

132 1267 244 1333 Euryale
252 1267 351 1328 infelix,
363 1283 413 1331 qua
424 1275 449 1316 te
460 1268 561 1333 regione
571 1267 683 1332 reliquii

133 1349 220 1410 Quave
238 1364 339 1413 sequar,
361 1365 448 1398 rursus
468 1348 616 1414 perplexum
637 1350 687 1399 iter
706 1367 779 1400 omne
799 1368 838 1400 re·

230 1430 332 1479 volvens

132 1513 239 1563 Fallacia
250 1512 346 1561 silvae?
373 1510 452 1560 Simul
463 1518 489 1561 et
499 1513 606 1577 vestigia
615 1519 684 1562 retro

134 1595 275 1644 Observata
285 1594 358 1659 legit,
368 1594 499 1657 dumisque
510 1594 641 1643 silentibus
652 1603 728 1645 errat

136 1677 216 1727 Audit
225 1692 313 1740 equos,
323 1675 394 1725 audit
404 1677 523 1740 strepitus
535 1684 561 1725 et
571 1678 644 1741 signa
655 1685 810 1742 sequentum.

135 1758 187 1808 Nec
197 1757 301 1823 longum
312 1758 338 1806 iu
348 1756 430 1805 medio
438 1756 547 1821 tempus,
558 1773 615 1806 eum
626 1759 720 1809 elamor
731 1759 838 1809 adauris

134 1836 261 1898 Pervenit,
276 1852 306 1885 ao
323 1836 391 1885 videt
409 1836 565 1901 Euryalum3
588 1852 663 1900 quem
680 1839 730 1887 iam
749 1854 838 1888 manus

229 1920 323 1981 omnis,

133 1999 232 2049 Fraude
242 1999 291 2049 loci
298 2007 325 2048 et
335 1999 424 2055 noctis,
436 1998 518 2048 subito
527 1999 645 2048 turbante
657 2000 772 2062 tumultu,

135 2080 287 2147 Oppressum
297 2081 364 2145 rapit
375 2088 401 2129 et
408 2083 542 2130 ”conantem
552 2080 660 2145 plurima
671 2081 772 2130 frustra.

133 2165 199 2225 Quid
209 2164 305 2213 faeiat?
323 2179 374 2227 qua
384 2164 410 2210 vi
420 2163 543 2223 iuvenem,
554 2163 644 2226 quibus
656 2162 747 2212 audeat
761 2164 837 2212 armis

133 2245 257 2312 Eripere?
275 2261 308 2294 an
318 2260 373 2294 sese
385 2243 479 2292 medios
490 2244 626 2292 moriturus
637 2243 664 2291 in
673 2257 745 2291 enses

133 2327 237 2390 inferat,
248 2335 275 2377 et
283 2326 414 2392 pulchram
423 2333 539 2390 properet
550 2340 595 2389 per
605 2324 706 2373 volnera
714 2325 840 2373 mortem?

134 2408 207 2458 Ocius
218 2409 325 2458 adducto
337 2415 458 2471 torquens
469 2405 559 2456 hastile
570 2405 672 2463 lacerto,

133 2489 274 2556 Suspiciens
286 2490 364 2539 altam
375 2489 408 2537 ad
418 2487 526 2549 Lunam,
538 2488 574 2536 sic
585 2501 644 2535 voce
653 2492 786 2550 precatur:

132 2570 179 2633 Tu,
190 2573 246 2635 dea,
256 2580 286 2622 tu
296 2586 416 2637 praesens
425 2577 512 2618 nostro
524 2584 640 2617 succurre
652 2568 740 2629 labori,

132 2652 267 2703 :istrorum
279 2653 356 2702 decus
368 2660 394 2700 et
405 2666 534 2699 nemorum
545 2649 653 2697 Latonia
664 2657 748 2698 eustos
758 2669 765 2713 3

132 2732 216 2798 Siqua
226 2735 277 2783 tuis
287 2748 409 2797 umquam
420 2747 467 2796 pro
477 2746 517 2778 me
527 2737 599 2794 pater
611 2729 740 2794 Hyrteous
751 2730 801 2777 aris

132 2812 200 2863 Dona
210 2815 278 2875 tulit,
290 2815 313 2863 si
324 2828 376 2877 qua
387 2813 440 2877 ipse
451 2811 513 2859 meis
524 2810 654 2859 venatibus
667 2811 736 2867 auxi,

133 2892 279 2962 Suspendive
291 2895 371 2951 tholo,
383 2900 428 2943 aut
439 2908 509 2942 saera
522 2891 554 2940 ad
565 2891 667 2958 fastigia
677 2891 739 2957 fixi3
