2304 3590
327 416 373 464 ²7²
472 397 705 440 ANTHOLoeIA
732 396 882 441 mma,

326 496 450 561 Prodigus
459 500 485 544 et
495 501 561 544 totos
571 493 663 543 Melior
673 493 821 543 suooendere
831 508 930 554 oeneus,

324 579 445 628 Desertae
458 592 549 625 exosus
559 591 635 641 opes3
653 575 696 624 sed
705 590 757 624 non
767 576 835 639 capit
844 576 912 640 ignis

314 657 438 718 invidus,
449 664 525 721 atque
536 663 620 706 aretae
630 656 720 706 desunt
729 658 756 705 in
766 671 871 705 munera
881 656 1002 706 flammae.

325 739 422 789 Horror
432 739 508 788 habet
518 753 611 787 sensus.
645 736 752 798 Qualem
762 744 787 787 te
798 738 886 787 funere
897 754 994 788 summo

324 821 411 884 Atque
421 833 511 883 rogum
521 819 602 879 iuxta,
613 817 705 867 Melior
714 817 880 883 placidissime
891 818 1022 882 quondam,

324 902 438 951 Extimni
448 902 453 948 l
471 906 531 949 tune
540 899 583 948 ille
593 899 680 948 hilaria
690 900 816 963 oomisque
826 898 905 948 videri
915 901 927 947 'l

324 984 398 1035 Unde
409 986 486 1034 animi
496 998 632 1047 saevaeque
644 997 741 1044 manus,
752 989 777 1032 et
787 982 910 1032 barbarus
920 984 1008 1033 horror
1019 980 1033 1044 'l

324 1067 365 1115 Tu
374 1066 447 1115 modo
457 1065 528 1115 fursus
538 1064 608 1113 humi
617 1064 698 1113 lucem
708 1065 830 1113 aversaris
841 1066 952 1129 iniquam
962 1086 969 1130 3

325 1147 398 1196 Nunc
409 1155 495 1196 torvus
505 1146 600 1212 pariter
608 1154 690 1195 vestes
700 1153 726 1195 et
736 1152 837 1210 pectora
847 1148 953 1211 rumpis,

322 1230 483 1293 Dileotosque
493 1228 585 1294 premis
596 1228 671 1284 visus,
683 1234 709 1275 et
719 1226 811 1292 frigida
820 1228 911 1278 lambis

324 1309 422 1360 Oscula.
455 1310 536 1358 Erant
547 1308 597 1357 illio
606 1310 705 1373 genitor
716 1315 845 1371 materque
855 1309 958 1358 iaoentis

323 1391 437 1456 Maesta3
454 1390 497 1440 sed
508 1390 608 1439 attoniti
618 1397 642 1438 te
654 1397 794 1454 spectavere
806 1398 930 1453 parentes.

837 1487 859 1520 v.
875 1476 988 1522 146465.

425 1571 440 1598 1
650 1569 665 1596 R
766 1571 778 1596 Ο

355 1634 422 1695 Quid
432 1634 493 1682 mihi
503 1571 621 1699 garidenti
631 1632 713 1698 proles
724 1633 839 1698 Cyllenia
849 1574 922 1702 viiga

323 1716 451 1766 Nuntiat?
483 1715 562 1764 Estne
577 1712 673 1779 aliquid
688 1721 741 1763 tam
757 1731 831 1765 saevo
847 1717 874 1765 in
889 1724 996 1784 tempore

417 1796 533 1846 laetum?

320 1881 327 1905 ‘
343 1878 454 1927 Noverat
464 1878 570 1941 effigiem
580 1878 743 1942 generosique
754 1877 833 1927 ardua
841 1878 923 1929 Blaesi

322 1961 375 2010 Ora
385 1975 456 2024 puer,
468 1958 527 2008 dum
539 1973 613 2023 saepe
623 1958 690 2008 domi
700 1974 765 2008 nova
775 1967 842 2009 serta
852 1961 969 2027 ligantem

322 2040 359 2089 Te
369 2040 437 2089 videt
447 2046 473 2088 et
484 2039 576 2088 similes
588 2047 726 2105 tergentem
736 2047 837 2105 pectore
847 2057 926 2091 curas.

322 2123 397 2171 Hune
408 2121 451 2171 ubi
461 2121 566 2170 Lethaei
576 2120 724 2171 lustrantem
734 2123 842 2188 gurgitis
852 2138 909 2172 oras

320 2204 447 2253 Ausonios
459 2203 525 2252 inter
534 2217 648 2267 proceres
660 2204 798 2267 seriemque
809 2202 908 2263 Quirini

319 2286 439 2351 Agnovit,
449 2284 536 2333 timide
544 2284 654 2348 primum
664 2285 771 2349 vestigia
780 2286 863 2351 iungit

319 2366 430 2416 Aooessu
441 2367 518 2415 taeito
529 2380 687 2429 summosque
696 2365 795 2415 lacessit
806 2367 919 2428 amictus,

318 2446 380 2496 Inde
390 2447 471 2511 magis
482 2447 611 2511 sequitur3
629 2463 710 2511 neque
724 2449 791 2497 enim
804 2449 886 2516 magis
900 2448 940 2497 ille
948 2455 993 2497 tra·

414 2527 515 2576 hentem

317 2609 419 2674 Spernit
428 2617 454 2658 et
464 2610 552 2674 ignota
562 2608 641 2658 erudit
652 2608 683 2657 de
694 2610 771 2675 stirpe
782 2601 906 2676 nepotum.

317 2690 380 2739 Mox
390 2688 433 2738 ubi
443 2689 545 2740 delicias
555 2696 581 2739 et
590 2691 643 2739 rari
653 2690 745 2755 pignus
756 2692 830 2741 amici

314 2770 398 2821 Sensit
408 2776 434 2819 et
444 2770 530 2819 amissi
538 2786 642 2836 puerum
654 2770 744 2821 solatia
754 2771 845 2834 Blaesi,

314 2850 390 2900 Tollit
400 2850 477 2900 humo
486 2866 626 2917 magnaque
635 2851 699 2917 ligat
709 2852 804 2902 oervioe
815 2853 906 2918 diuque
