2304 3590
329 390 375 436 332
474 375 708 418 ANYHOLOGIA
730 375 876 416 LATINA.

330 468 455 518 Sinceram
466 470 547 533 patric
557 477 666 518 mentem
678 470 776 518 furatus
786 469 903 534 Olympo,

327 550 457 600 continuit
465 550 590 613 claustris,
600 551 818 616 indignantemque
829 552 948 600 revinxit.

258 639 262 648 '
328 632 369 686 Et.
379 649 436 681 cum
446 649 497 681 non
507 633 580 681 aliter
591 644 690 697 possent
701 634 817 681 mortalia
827 633 900 696 fingi,

328 713 454 763 Adiunxit
464 714 590 778 geminas:
607 713 672 774 illae,
683 729 739 762 cum
751 730 853 778 corpore
863 714 957 778 lapsae,

326 793 470 845 intereunt:
487 796 548 844 haec
559 795 612 845 sola
622 804 715 856 manet,
727 796 849 859 bustoque
861 805 988 860 superstes

329 877 430 928 Evolat:
448 877 512 926 hanc
522 877 573 926 alta
583 878 671 942 capitis
682 877 797 926 fundavit
807 879 833 926 in
844 894 911 940 arce,

329 959 510 1008 Mandatricem
520 975 631 1024 operum,
642 968 878 1024 prospecturamque
889 958 977 1008 labori⁴

329 1040 389 1089 Illas
399 1040 503 1089 inferius
514 1041 586 1102 collo,
597 1049 778 1105 praeceptaque
789 1057 900 1089 summae

330 1120 451 1171 Passurus
462 1123 584 1176 dominae.
597 1124 673 1189 digna
683 1125 790 1172 statione
801 1123 933 1172 locarit-

328 1203 384 1252 Hos
394 1205 471 1268 igitur
481 1207 563 1269 potuit
574 1207 596 1253 si
607 1206 663 1269 quis
674 1205 760 1254 sedare
771 1204 903 1258 tumultus.

330 1283 480 1334 Inconcussa
491 1286 561 1335 dabit
571 1302 650 1351 purae
661 1289 770 1335 sacraria
782 1287 867 1335 menti.

330 1366 370 1416 Tu
381 1367 438 1416 licet
448 1374 572 1416 extremos
582 1368 632 1417 lata
643 1368 769 1417 dominere
780 1384 825 1432 per
836 1367 922 1428 Indos,

330 1447 367 1497 Te
377 1448 477 1506 Medus,
487 1456 512 1498 te
523 1450 605 1508 mollis
617 1447 710 1511 Arabs,
721 1458 746 1499 te
758 1449 831 1499 Seres
842 1450 961 1507 adorent3

258 1576 261 1583 ,
330 1530 357 1579 Si
368 1532 466 1588 metuis,
478 1533 500 1579 si
511 1547 587 1595 prava
597 1533 677 1596 cupis,
688 1532 709 1580 si
721 1532 818 1580 duceris
829 1533 868 1581 ira

331 1611 430 1662 Servitii
440 1614 535 1677 patiere
546 1614 646 1678 iugumz
663 1613 781 1662 tolerabis
792 1615 892 1677 iniquas

330 1694 439 1743 Interius
451 1693 526 1758 leges.
561 1693 633 1742 Tunc
644 1696 727 1743 omnia
738 1695 793 1741 inre
803 1694 908 1750 tenebis,

330 1773 394 1825 Cum
405 1776 498 1839 poteris
508 1791 554 1823 rex
565 1791 618 1825 esse
629 1777 675 1824 tui.
708 1775 848 1825 Proclivicr
858 1791 918 1824 usus

329 1856 361 1904 In
371 1857 457 1920 peiora
467 1856 554 1907 datur:
572 1857 708 1921 suadetque
718 1855 818 1906 licentia
827 1856 926 1914 luxum,

329 1936 504 2002 Illecebrisque
515 1938 608 1988 effrena
618 1939 698 1989 favet:
716 1946 769 1987 tum
783 1941 866 1987 vivere
876 1948 946 1988 caste

330 2019 461 2083 Asperius,
471 2036 527 2068 cum
538 2028 637 2085 promta
647 2021 736 2068 Venus
747 2038 753 2068 z
771 2027 825 2069 tum
836 2020 925 2069 durius
935 2021 987 2068 irae

330 2101 544 2163 Consulitur,cnm
556 2117 634 2166 poena
643 2108 725 2165 patet:
743 2102 786 2150 sed
793 2103 928 2166 comprime
937 2110 1028 2150 motus:

331 2181 384 2231 Nec
395 2182 447 2238 tibi,
458 2183 518 2246 quid
529 2183 609 2244 liceat,
620 2182 664 2230 sed
675 2182 736 2246 quid
747 2182 834 2231 fecisse
845 2182 952 2244 decebit,

332 2263 465 2314 Occurrat:
483 2272 639 2329 mentemque
650 2264 734 2312 domet
744 2272 872 2328 respectus
883 2263 987 2314 honesti.

708 2361 731 2393 v.
744 2349 867 2411 eir-ana,
885 2350 997 2395 aarum.

592 2584 761 2704 reios
