2320 3590
345 418 389 459 ยน34
486 398 720 441 ANTHOLOGIA
747 399 893 441 LATJNA.

341 495 376 543 na
385 493 535 543 cucumam
544 494 682 543 volitabant
691 494 770 543 milite
781 476 877 544 Volsci.

344 575 417 635 Ecce,
429 575 504 640 fugae
514 575 604 637 medio,
615 576 718 625 summis
730 575 873 625 Amasenus
887 576 1015 625 abundans

344 655 480 720 Spumabet
490 657 568 720 ripis3
585 663 670 705 tantus
681 672 706 705 se
717 657 825 705 nubibus
836 657 915 706 imber

342 738 461 802 Ruperat
496 737 550 794 lile,
561 739 648 787 innare
658 753 758 802 parens,
770 737 873 787 infantis
883 753 967 787 amore

343 819 479 875 Turdetur,
490 835 597 883 caroque
607 821 676 867 oneri
687 820 767 869 timet.
803 819 893 868 Omnia
903 836 985 869 secum

342 897 463 946 versanti
474 897 555 945 subito
565 898 609 945 vix
619 897 680 945 haec
692 897 815 946 sententia
826 897 890 946 sedit
899 917 906 947 ฮต

343 978 431 1026 Telum
442 979 550 1037 inmane,
561 993 637 1026 manu
647 977 729 1027 valide
739 979 805 1042 quod
817 978 881 1028 forte
892 978 994 1044 gerebat

343 1059 463 1121 Belletor,
473 1058 577 1107 solidum
588 1059 661 1108 nodis
671 1066 696 1108 et
707 1060 795 1109 robore
805 1069 884 1119 coeto,

344 1139 410 1187 Huic
420 1146 513 1201 natam,
524 1139 588 1187 libro
598 1147 624 1188 et
635 1140 743 1188 silvestri
753 1141 842 1190 subere
852 1141 974 1198 clausam,

343 1221 466 1285 Implicet,
473 1230 549 1284 etque
559 1221 666 1270 habilem
677 1222 771 1271 mediae
778 1222 934 1288 circumligat
944 1223 1039 1284 bastae3

343 1303 424 1362 Quam
435 1303 524 1351 dextra
535 1303 630 1368 ingenti
640 1302 734 1352 librans
744 1304 781 1352 ita
791 1304 823 1353 ed
834 1304 938 1353 aethera
951 1305 1029 1371 fatur:

344 1384 429 1447 Alma,
439 1385 486 1433 tibi
496 1385 569 1445 hanc,
577 1400 706 1433 nemorum
716 1385 818 1447 cultrix,
829 1386 937 1434 Letonie
947 1387 1023 1450 virgo,

344 1466 401 1529 Ipse
413 1474 482 1529 pater
494 1465 612 1514 famulam
622 1481 712 1515 voveoa
730 1474 774 1515 tua
783 1467 867 1530 prime
877 1483 923 1531 per
932 1482 1004 1515 cums

344 1546 407 1595 Tela
416 1555 503 1596 tenens
512 1547 617 1611 supplex
628 1546 725 1596 bostem
734 1547 807 1613 fugit.
841 1548 946 1613 Accipe,
956 1556 1038 1602 testor,

344 1628 418 1691 Diva,
429 1636 506 1684 tuam,
518 1644 582 1692 quae
591 1644 656 1677 nunc
666 1628 748 1678 dubiis
759 1629 924 1678 committitur
933 1631 1008 1679 auris.

345 1710 427 1767 Dixit,
438 1717 463 1758 et
475 1709 582 1759 adducto
592 1717 732 1759 contortum
742 1709 832 1758 hastile
842 1711 937 1759 lacerto

344 1793 469 1857 inmittit3
486 1806 589 1840 sonuere
600 1791 681 1839 undae
687 1811 695 1856 3
713 1791 828 1856 rapidum
840 1807 914 1856 super
924 1808 1019 1841 emnem

347 1872 439 1920 Infelix
450 1872 516 1937 fugit
526 1872 553 1920 in
563 1871 644 1920 leculo
655 1872 773 1921 stridente
781 1872 895 1922 Camilla.

344 1956 382 2003 At
394 1955 519 2011 Metabus,
526 1969 616 2018 magna
626 1956 727 2019 propius
739 1955 789 2002 iam
799 1962 924 2020 urguente
934 1962 1040 2014 caterve,

344 2037 396 2085 Dat
407 2052 460 2085 sese
470 2036 553 2093 fluvio,
565 2043 639 2098 etque
650 2036 749 2084 hastam
759 2052 815 2085 cum
827 2037 923 2101 virgine
934 2037 1014 2086 victer

345 2118 479 2167 Gramineo
490 2116 581 2165 donum
592 2116 693 2165 Triviae
703 2116 734 2165 de
744 2119 853 2180 caespite
864 2118 942 2166 vellit.

345 2199 403 2248 Non
415 2198 486 2247 illum
496 2201 569 2247 tectis
580 2197 655 2255 ullae,
664 2213 714 2246 non
724 2198 852 2247 moenibus
862 2198 938 2248 urbes

344 2280 479 2343 Accepere,
490 2294 570 2341 neque
582 2280 633 2342 ipse
644 2294 732 2327 manus
744 2278 843 2328 feritate
853 2278 981 2330 dedisset:

343 2359 477 2409 Pastorum
488 2367 514 2408 et
524 2360 581 2408 solis
591 2361 676 2424 exegit
685 2360 811 2409 montibus
821 2375 919 2408 aevum.

345 2443 393 2492 Hic
404 2449 489 2490 natum
500 2442 526 2489 in
536 2440 617 2490 dumis
628 2443 742 2505 interque
752 2442 881 2491 horrentia
891 2442 972 2492 lustru

346 2523 501 2571 Armentalis
511 2538 590 2586 equae
602 2524 716 2571 mammis
726 2529 752 2571 et
762 2522 825 2572 lacte
835 2523 925 2585 ferino,

346 2603 475 2664 Nutribat,
487 2604 579 2652 teneris
589 2603 729 2667 inmulgens
740 2602 819 2652 ubere
829 2602 916 2652 labris.

346 2682 433 2745 thue
443 2682 534 2746 pedum
544 2682 631 2746 primis
643 2681 725 2730 iniens
736 2681 842 2746 vestigia
851 2681 946 2745 pientia

345 2763 483 2824 Institerint,
493 2763 574 2811 iaculo
586 2762 681 2827 palmas
693 2762 798 2811 armavit
808 2768 891 2819 acuto,

345 2842 495 2909 Spiculaque
506 2858 539 2891 ex
550 2843 654 2892 humero
664 2857 758 2907 parvae
770 2842 902 2907 suspendit
913 2851 940 2893 et
950 2858 1042 2893 escum.
