2310 3592
344 371 390 414 228
485 364 718 409 ANTHOLOGIA
745 364 889 409 LATJNA.

344 458 443 509 Desinit
453 461 481 509 in
491 460 615 522 lacrimas,
626 461 771 525 intentaque
781 459 824 508 fila
834 459 948 523 remittit,

375 540 406 588 In
416 542 512 605 gremio
524 540 620 590 vultum
631 541 792 606 deposuitque
803 556 884 589 auum.

350 618 408 668 Hoc
416 621 498 684 ipsum
508 619 604 671 decuit:
622 620 739 669 lacrimae
749 619 853 669 decuere
863 618 973 684 pudicae,

381 699 415 748 Et
426 700 502 749 facies
512 701 595 749 animo
605 700 730 766 dignaque
741 715 835 764 parque
846 699 902 748 fuit

345 780 430 830 ‘Pone
439 790 542 843 metum,
553 782 642 843 venio,’
651 783 760 841 coniunx
770 784 813 831 ait
846 780 896 831 Illa
904 778 999 833 revixit,

377 859 465 923 Deque
476 860 525 909 viri
535 858 598 911 eollo
608 858 679 908 dulce
689 858 807 923 pependit
817 874 889 908 enus.

344 936 446 985 Interea
456 937 551 985 iuvenis
561 936 665 985 furiales
674 937 759 1000 regius
770 937 836 1001 ignis

378 1015 500 1083 Concipit,
510 1024 537 1065 et
547 1032 620 1066 caeco
629 1024 717 1082 raptus
728 1032 810 1067 amore
821 1017 892 1067 furit.

345 1097 438 1146 Forma
449 1095 539 1160 placet,
549 1097 685 1159 niveusque
694 1096 769 1158 color,
779 1095 888 1160 flavique
898 1093 986 1160 capilli,

378 1176 476 1241 Quique
487 1176 575 1225 aderat
585 1175 654 1225 nulla
665 1176 746 1225 factus
757 1176 789 1225 ab
800 1183 855 1225 arte
866 1176 952 1226 decor:

347 1258 434 1307 Verba
443 1259 550 1324 placent,
557 1267 583 1311 et
593 1265 683 1321 vox‚et
694 1258 762 1322 quod
769 1273 927 1322 corrumpere
937 1266 1035 1317 ncneat3

380 1340 485 1404 Quoque
494 1342 575 1389 minor
586 1355 643 1404 spes
651 1348 698 1401 eat,
709 1340 756 1389 hec
766 1340 847 1405 magia
859 1340 900 1388 ille
910 1342 983 1406 cupit.

348 1421 403 1469 Iam
414 1421 517 1470 dederat
527 1429 615 1470 cantus
625 1420 687 1469 lucia
696 1422 860 1485 praenuntius
871 1421 931 1484 alea,

380 1501 444 1551 Cam
455 1502 569 1551 referunt
580 1503 680 1554 iuvenes
692 1504 719 1550 in
729 1517 774 1551 sua
784 1508 868 1570 caetra
878 1502 970 1567 pedem.

349 1581 469 1648 Carpitur
479 1585 597 1632 attcnitca
607 1583 716 1632 absentis
728 1585 836 1648 imagine
845 1600 930 1634 sensns

379 1665 438 1714 Ille:
456 1664 596 1714 recordanti
598 1664 677 1730 plura
688 1666 933 1730 magiaqneplacent.

348 1745 389 1795 Sic
400 1746 473 1808 aedit,
484 1747 519 1796 cic
530 1746 598 1796 culta
607 1745 664 1809 fuit,
675 1748 709 1795 sic
720 1748 827 1796 stamina
837 1749 914 1809 nevit,

380 1826 516 1892 Neglectae
526 1826 589 1876 collo
600 1828 636 1876 aie
646 1828 743 1876 iacuere
755 1843 847 1877 comae.

273 1955 276 1961 .
348 1913 401 1961 Hcs
412 1911 500 1960 habuit
511 1910 603 1974 vultus,
613 1910 674 1960 hacc
685 1911 722 1961 illi
732 1913 809 1961 verba
819 1912 930 1973 fuerunt,

380 1992 429 2041 Hic
439 1991 515 2053 color,
524 1992 586 2041 haec
600 1991 686 2055 facies,
694 1994 735 2042 hic
746 1993 880 2043 decoreris
890 2002 951 2043 erat

348 2074 385 2123 Ut
396 2073 458 2123 salet
468 2089 484 2121 a
495 2089 586 2139 magno
596 2073 686 2122 fluctus
696 2073 856 2140 languescere
866 2074 928 2124 flatu
938 2095 945 2138 3

382 2154 431 2204 Sed
441 2160 525 2204 tamma
537 2171 552 2203 a
562 2163 644 2217 vento,
655 2156 698 2219 qui
710 2155 766 2218 fuit,
776 2155 844 2204 unda
855 2163 943 2216 tumet,

350 2235 399 2298 Sic,
407 2237 520 2301 quamvis
531 2236 620 2285 aberat
631 2237 737 2302 placitae
747 2238 889 2302 praesentia
899 2236 998 2296 formae,

380 2317 461 2378 Quem
471 2317 574 2367 dederat
584 2333 701 2382 praesens
712 2318 800 2382 forma,
811 2319 928 2368 manebat
939 2333 1011 2366 amor.

862 2415 889 2450 v.
902 2402 1009 2450 tal-778.

641 2553 746 2652 aa
