2320 3590
310 410 341 463 76
457 400 692 443 AA'THOLOGIA
718 401 862 443 LATINA.

342 498 370 545 L.
389 495 465 556 Quid,
473 511 537 559 quae
545 502 570 543 te
579 511 642 559 pura
651 496 730 544 scium
739 497 786 546 sub
795 503 867 545 nocte
877 503 1008 545 canentem

308 577 466 625 Audieram?
483 592 600 625 numeros
610 579 721 639 memini,
732 579 754 626 si
765 577 841 626 verba
854 585 972 626 tenerem.

321 678 326 689 ·
343 661 381 707 M.
400 660 417 684 “
431 657 541 722 Daphni,
558 658 619 722 quid
630 660 747 723 antiquos
762 660 890 724 signorum
905 658 1009 722 suspicis

409 739 499 788 ortus?

306 821 371 870 Ecce
381 821 487 870 Dionaei
497 822 618 885 prooessit
628 819 744 871 Caesaris
754 829 857 883 aeuum,

307 901 422 963 sistrum,
433 918 482 966 quo
494 910 588 967 segetes
599 902 738 966 gauderent
748 902 872 968 frugibus,
882 911 909 952 et
919 919 969 968 quo

305 981 417 1031 Duceret
427 984 518 1047 apricis
528 984 554 1031 in
565 983 670 1031 collibus
682 1000 730 1033 uva
740 984 853 1033 colorem.

303 1064 399 1126 lusere,
406 1065 516 1129 Daphni,
526 1065 610 1129 piros3
627 1074 732 1130 carpent
741 1076 785 1115 tua
795 1080 868 1131 poma
878 1069 1007 1130 nepotes.”

305 1145 395 1195 Omnia
417 1146 467 1196 fert
487 1154 564 1207 aetas,
585 1148 697 1195 animum
716 1163 827 1212 quoque:
853 1163 927 1212 saepe
948 1164 996 1213 ego

402 1227 490 1292 longos

304 1307 434 1357 Cantando
444 1326 549 1373 puerum
561 1311 662 1359 memini
673 1326 713 1358 me
724 1311 829 1359 condere
841 1310 920 1361 solens

303 1387 380 1437 Nunc
391 1388 468 1439 oblita
479 1390 540 1439 mihi
552 1392 719 1455 totearmina3
736 1407 786 1439 vox
793 1406 893 1455 quoque
900 1390 1004 1441 Moerim

301 1470 359 1517 Iam
371 1471 436 1535 fugit
446 1472 516 1536 ipsa3
534 1472 588 1536 lupi
597 1472 705 1521 Moerim
714 1472 798 1521 videre
810 1474 911 1537 priores.

302 1550 355 1599 Sed
369 1560 452 1600 tamen
463 1553 512 1602 ista
523 1555 584 1601 satis
594 1553 686 1602 referet
697 1553 744 1602 tibi
755 1569 827 1618 saepe
838 1553 973 1604 Menalcas.

336 1635 369 1681 L.
386 1631 532 1682 Caussando
541 1642 641 1684 nostros
653 1636 679 1683 in
689 1635 790 1700 longum
802 1635 871 1683 ducis
882 1652 988 1685 amores.

300 1715 337 1764 Et
348 1731 413 1764 nunc
424 1731 496 1764 omne
507 1716 553 1765 tibi
564 1723 669 1766 stratum
681 1715 736 1766 silet
746 1732 848 1780 aequor,
857 1725 883 1766 et
893 1732 988 1778 omnes,

302 1797 407 1860 Aspice,
417 1799 514 1846 ventosi
524 1797 666 1848 ceciderunt
675 1802 810 1846 murmuris
822 1813 898 1846 aurae
909 1819 916 1861 3

302 1877 439 1926 Hincadeo
446 1879 572 1927 mediaest
579 1878 651 1927 nobis
661 1879 713 1942 νίας
731 1893 838 1942 namque
844 1879 1002 1943 sepulchrum

304 1959 400 2024 Incipit
411 1960 531 2024 adparere
541 1959 671 2009 Bianoris:
688 1960 738 2020 hie,
749 1959 793 2008 ubi
804 1959 892 2009 densas

304 2041 439 2106 Agricolae
450 2043 577 2107 stringunt
588 2041 697 2102 frondes,
708 2042 757 2099 hic,
769 2041 860 2104 Moeri,
871 2057 1004 2106 canamus3

303 2120 352 2169 Hic
364 2120 456 2170 haedos
467 2120 571 2186 depone,
582 2128 665 2170 tamen
675 2122 801 2169 veniemus
813 2122 838 2169 in
849 2121 943 2171 urbem.

303 2199 358 2248 Aut
369 2200 397 2257 si,
407 2215 458 2248 nox
469 2199 578 2264 pluviam
590 2215 622 2248 ne
632 2199 732 2265 colligat
742 2207 809 2261 ante,
823 2215 944 2262 veremur,

302 2279 439 2329 Cantantes
449 2280 508 2329 licet
517 2280 711 2344 usquc-minus
722 2282 763 2329 via
771 2279 980 2345 laedit-eamus3

301 2356 438 2406 Cantantes
449 2366 478 2407 nt
488 2373 581 2416 eamus,
592 2374 639 2424 ego
650 2357 697 2405 hoc
708 2364 732 2406 te
743 2358 809 2407 fasee
819 2358 914 2408 levabo.

332 2441 370 2486 M.
388 2438 481 2487 Desine
497 2438 578 2504 plura,
594 2454 665 2504 puer,
682 2445 715 2497 et,
732 2439 799 2503 quod
816 2455 881 2489 nunc
898 2441 985 2502 instat,

399 2535 501 2584 agamus
509 2541 517 2585 3

298 2598 417 2650 Carmina
427 2609 480 2651 tum
491 2601 588 2664 melius,
599 2603 761 2652 cumvenerit
773 2603 833 2666 ipse,
846 2618 972 2652 canemus.
