2304 3590
303 407 352 461 3²6
449 398 681 442 ANTHOLOGIA
705 398 747 439 ΙιΑ
755 396 850 438 ΤΙΝΑ.

376 748 513 798 RUTILII
534 746 685 798 CLAUDII
709 745 927 796 NAMATIANI.

620 929 706 965 ccuv.

466 1064 510 1115 De
522 1063 606 1116 reditu
617 1080 662 1115 ruo
672 1063 842 1114 itinerarium.

315 1204 393 1286 'iffi
433 1222 552 1271 REBRA
570 1221 738 1285 relinquendis
755 1221 883 1286 infigimus
901 1219 983 1268 oscula

312 1327 331 1369 ἶ
342 1276 425 1378 Q&
513 1305 601 1368 portis,

310 1349 424 1438 KQ
464 1386 540 1435 Inviti
553 1392 673 1451 superant
683 1386 772 1435 limina
784 1401 856 1435 saera
866 1385 946 1452 pedes,

308 1467 415 1517 Oramus
425 1469 522 1517 venium
531 1468 641 1517 leerimis
652 1475 678 1517 et
687 1468 760 1517 leude
769 1468 880 1530 litemus,

340 1552 372 1599 In
382 1557 503 1615 quantum
514 1549 587 1598 fletus
597 1565 697 1598 currere
707 1550 784 1598 verbu
795 1551 896 1598 sinit-

308 1631 416 1694 Exaudi‚
427 1631 516 1696 regina
528 1631 566 1679 tui
576 1629 744 1695 pulcherrime
753 1630 848 1685 mundi,

340 1713 410 1761 Inter
419 1712 526 1762 sidereos
537 1712 618 1760 Romu
626 1718 727 1775 recepta
735 1711 821 1775 polos!

308 1793 416 1855 Exaudi,
429 1793 545 1858 genetrix
555 1792 682 1841 hominum
696 1793 860 1857 genetrixque
870 1790 979 1840 deorum!

340 1874 399 1924 Non
409 1873 498 1938 procul
509 1889 525 1922 a
534 1873 604 1922 eaelo
614 1889 660 1937 per
671 1880 715 1921 tua
726 1872 820 1936 templu
832 1888 923 1922 sumne

307 1957 344 2005 Te
354 1957 466 2005 canimus
477 1971 633 2020 semperque,
642 1955 724 2003 sinent
735 1953 794 2001 dum
805 1952 866 2010 fate,
877 1968 1003 2014 ‹unemus3

341 2038 431 2102 Sospes
440 2052 513 2085 nemo
523 2043 605 2101 potest
616 2037 747 2084 immemor
756 2050 811 2083 esse
822 2035 869 2083 tui.

309 2120 444 2169 Obruerint
454 2118 528 2167 eitius
539 2117 658 2166 scelerate
668 2117 760 2166 oblivia
771 2115 856 2175 solem,

341 2201 424 2264 Quam
434 2207 493 2248 tuus
503 2214 535 2248 ex
546 2206 632 2248 nostro
642 2198 717 2248 eorde
728 2197 827 2247 recedet
836 2197 921 2248 honos.

310 2283 374 2332 Nem
385 2281 443 2330 solis
454 2281 531 2330 radiis
542 2279 657 2345 aequalia
666 2294 771 2328 munera
781 2279 870 2340 tendis,

343 2363 399 2424 Qua
410 2362 574 2411 circumfusus
584 2361 689 2410 fluctuet
699 2359 821 2409 Oceanus.

310 2446 429 2495 Volvitur
440 2445 495 2508 ipse
504 2443 559 2501 tibi,
571 2443 616 2505 qui
626 2442 736 2490 eontinet
748 2440 840 2502 omnin,
852 2440 977 2502 Phoebus,

342 2529 413 2592 Eque
425 2527 476 2575 tuis
487 2531 554 2574 ortos
565 2525 591 2572 in
602 2531 647 2573 tua
655 2521 738 2572 condit
748 2538 834 2587 equos.

310 2610 347 2657 Te
357 2625 407 2658 non
418 2606 578 2672 flammigeris
589 2605 670 2669 Libye
681 2602 790 2652 tardavit
800 2605 893 2663 arenis,

343 2690 400 2738 Non
410 2696 507 2738 armate
518 2704 562 2738 suo
574 2687 682 2752 reppulit
694 2701 751 2735 urse
761 2685 828 2751 gelu,

312 2772 440 2831 Quantum
452 2771 536 2820 vitalis
548 2777 639 2819 natura
650 2767 756 2818 tetendit
765 2769 793 2815 in
803 2782 875 2823 axes,

342 2853 452 2902 Tantum
462 2852 550 2902 virtuti
560 2852 646 2917 pervia
655 2856 723 2900 terra
733 2856 799 2899 tuae.
