2320 3590
327 425 374 468 126
467 416 703 458 AN'I'HOLOGIA
731 412 877 457 LATINA.

324 513 358 563 Et
369 515 440 561 iuxta
451 527 532 561 eomes
543 510 678 577 Euryalus,
689 527 739 576 quo
751 510 880 576 pulchrior
890 511 953 560 alter
1014 512 1018 525 '

324 593 383 643 Non
392 592 441 643 fnit
452 592 600 642 Aeneadum
611 593 721 642 Troiana
732 609 812 657 neque
823 593 905 642 induit
918 607 993 647 arma,

325 676 377 725 Ora
387 690 450 739 puer
460 675 542 740 prima
553 676 655 740 signans
666 675 766 723 intonsa
776 674 888 724 iuventa.

326 756 375 805 His
386 771 457 805 amor
468 771 534 804 unus
546 762 610 817 erat,
622 757 766 821 pariterque
777 755 804 803 in
815 755 882 804 bella
892 754 1008 817 ruebant3

326 838 391 886 Tum
403 852 501 900 quoque
511 837 634 885 communi
645 844 744 900 portam
755 836 862 884 statione
874 835 996 883 tenebant.

326 920 403 968 Nisus
414 920 450 968 ait
460 939 466 968 ι
484 919 550 966 Dine
559 918 624 967 huno
635 917 751 966 ardorem
761 916 887 965 mentibus
897 916 997 974 addunt,

325 1000 442 1066 Euryale,
454 1016 487 1049 an
497 1015 543 1048 sua
552 1003 643 1063 cuique
654 998 716 1046 deus
730 998 760 1047 fit
771 998 827 1046 dira
837 996 947 1061 cupido?

325 1082 382 1131 Aut
392 1097 510 1147 pugnam
522 1088 566 1129 aut
576 1078 672 1145 aliquid
683 1079 827 1128 iamdudum
839 1079 955 1128 invadere

423 1177 544 1227 magnum

327 1243 400 1292 Mens
411 1244 492 1309 agitat
502 1243 572 1300 mihi,
583 1257 629 1291 neo
640 1242 739 1307 plaoida
747 1249 864 1292 contente
874 1243 958 1306 quiete
968 1250 1011 1291 est.

327 1325 424 1387 Cernis,
436 1340 501 1390 quae
512 1323 619 1374 Rutulos
630 1324 821 1373 habeatfiduoie
831 1339 933 1374 rerume

327 1404 434 1454 Lumina
445 1421 504 1455 rara
514 1407 621 1469 micant,
640 1421 726 1454 somno
736 1405 844 1469 vinoque
855 1405 929 1455 soluti

328 1487 501 1551 Procubuere3
520 1485 593 1535 silent
604 1486 655 1535 late
665 1486 726 1535 loea.
760 1484 865 1550 Pereipe
875 1500 957 1550 porro,

328 1567 396 1628 Quid
404 1568 523 1629 dubitem,
533 1576 560 1617 et
568 1582 632 1630 quae
639 1582 706 1616 nuno
714 1566 797 1614 animo
806 1568 929 1616 sententia
936 1575 1025 1631 surgat.

328 1649 434 1698 Aenean
447 1649 523 1698 aooiri
534 1663 628 1710 omnes,
637 1647 793 1712 populusque
806 1654 948 1712 patresque,

328 1730 482 1795 Exposount,
492 1730 608 1792 mittique
618 1729 694 1790 viros,
706 1728 750 1792 qui
760 1734 829 1776 certa
839 1734 973 1792 reportent.

328 1809 365 1870 Si,
377 1809 422 1859 tibi
434 1824 498 1873 quae
508 1823 592 1873 poseo,
602 1809 852 1872 promittunt,-nam
863 1805 925 1855 mihi
934 1805 992 1854 faeti

328 1891 407 1939 Fama
417 1899 455 1938 sat
466 1887 642 1951 est,-tumulo
651 1889 737 1936 videor
747 1888 858 1953 reperire
867 1887 915 1936 sub
926 1886 968 1936 illo

328 1971 405 2021 Posse
416 1975 482 2019 viam
494 1971 526 2019 ad
537 1985 621 2018 muros
632 1976 658 2018 et
668 1970 766 2018 moenia
776 1967 913 2017 Pallantea.

329 2053 459 2117 Obstipuit
469 2067 562 2116 magno
573 2050 674 2099 laudum
683 2065 815 2116 percussus
826 2064 909 2099 amore

329 2133 455 2199 Euryalus
465 2153 472 2198 3
491 2132 564 2182 simul
575 2133 614 2181 his
625 2133 755 2181 ardentem
766 2131 866 2180 adfatur
876 2132 995 2179 amioum=

330 2216 405 2265 Mene
417 2216 496 2281 igitur
507 2216 601 2264 socium
612 2215 714 2262 summis
725 2213 861 2277 adiungere
872 2211 956 2272 rebus,

330 2299 401 2360 Nise,
412 2297 500 2362 fugis?
517 2295 597 2346 solum
608 2303 633 2345 te
644 2296 671 2343 in
681 2301 753 2343 tanta
764 2293 876 2359 pericula
887 2291 1001 2342 mittam?

331 2379 389 2428 Non
399 2380 436 2427 ita
445 2393 485 2426 me
496 2378 603 2443 genitor,
614 2376 686 2425 bellis
697 2375 816 2425 adsuetus
827 2373 955 2439 Opheltes,

330 2460 478 2526 Argolicum
489 2466 611 2508 terrorem
619 2458 685 2506 inter
696 2457 836 2521 Troiaeque
847 2456 943 2505 labores

332 2542 462 2592 Sublatam
472 2540 565 2589 erudiit
574 2561 581 2589 t
598 2554 645 2587 neo
655 2546 737 2587 tecum
747 2539 809 2588 talia
818 2538 894 2603 gessi,

331 2625 521 2689 Magnanimum
532 2622 638 2671 Aenean
648 2628 674 2670 et
685 2622 738 2671 fata
747 2628 861 2670 extrema
871 2626 968 2668 secutus
977 2639 983 2667 ι

330 2705 377 2755 Est
387 2704 437 2767 hie,
448 2712 487 2753 est
496 2705 594 2753 animus
604 2703 665 2752 lueis
675 2708 837 2767 contemptor.
849 2709 875 2750 et
884 2691 960 2750 istum

332 2784 382 2845 Qui
393 2787 445 2834 vita
455 2785 518 2834 bene
529 2784 614 2834 eredat
624 2786 686 2846 emi,
694 2799 744 2847 quo
756 2782 846 2843 tendis,
856 2781 982 2830 honorem.

428 2871 441 2896 ff
508 2871 522 2896 1
588 2868 602 2894 ff
669 2868 682 2895 ἱ
749 2867 764 2893 G
829 2866 843 2892 ff
912 2866 925 2892 Ο
