2310 3592
378 399 567 443 TIBULLUs.
783 414 826 460 ¹7⁷

120 494 165 542 Me
175 493 295 543 libertino
304 500 392 542 natum
402 500 482 558 patre,
492 499 518 543 et
528 495 555 543 in
565 494 635 542 tenni
645 508 683 554 rs,

120 574 234 623 Maiores
245 590 341 639 pennas
352 574 411 623 nido
423 574 565 624 extendisse
576 574 694 639 loqueris,

119 655 159 705 Ut
169 663 292 720 quantum
302 657 388 722 generi
399 656 494 718 demas,
503 655 638 705 virtutibus
646 655 723 704 addas
733 675 740 719 3

120 737 166 786 Me
175 739 265 802 primia
275 738 346 787 urbis
357 738 414 787 belli
425 738 548 803 placuisse
558 736 690 802 domique3

122 818 243 884 Corporis
254 811 354 884 exigui,¹
359 835 519 884 praeconum,
529 818 623 868 solibus
633 826 730 883 aptum,

121 900 200 950 Irasci
211 901 326 959 celerem,
336 910 421 951 tamen
431 910 460 952 ut
470 901 600 967 placabilis
610 916 699 951 essem.

121 982 199 1031 Forte
210 998 294 1032 meum
305 984 383 1047 siquis
393 991 418 1032 te
427 983 617 1048 percontabitur
628 998 717 1031 aevum

123 1063 168 1112 Me
178 1071 269 1128 qnater
280 1065 392 1114 undenos
403 1066 466 1114 solat
480 1063 621 1129 implevisse
632 1064 777 1120 decembris,

123 1143 251 1211 Collegam
263 1144 387 1210 Lepidum
398 1161 449 1209 quo
460 1145 534 1196 duxit
544 1145 639 1195 Lollius
649 1162 723 1196 enno.
831 1213 835 1219 η

713 1242 760 1277 xx.

305 1439 439 1491 ALBIUS
460 1440 642 1492 TIBULLUS.

425 1592 522 1629 cxxlx.

345 1724 407 1779 Lib.
419 1724 438 1779 i.
475 1726 572 1799 Elegia
592 1727 609 1781 i.

151 2019 193 2060 ’Ψ
203 2039 236 2075 312
296 2027 379 2089 Quam
389 2028 448 2078 fleat
458 2030 489 2078 ob
497 2037 596 2078 nostras
609 2028 660 2077 ulla
670 2029 753 2094 puella
766 2031 817 2079 vias
823 2053 842 2086 ,-

124 2108 161 2159 ‘l'e
171 2110 265 2159 bellare
276 2109 347 2159 decet
359 2117 435 2170 terra,
444 2109 562 2165 Messala,
574 2111 696 2174 merique,

157 2189 194 2239 Ut
204 2191 295 2240 domus
305 2190 409 2240 hostiles
419 2191 545 2256 praeferat
555 2192 658 2240 exuvias
668 2212 674 2241 ε

126 2270 169 2320 Me
179 2272 290 2320 retinent
300 2271 411 2320 vinetum
423 2271 545 2321 formosae
554 2271 635 2321 vinola
644 2272 750 2337 puellae,

155 2351 190 2403 Et
199 2351 273 2401 sedeo
283 2352 360 2400 duras
371 2354 463 2401 ianitor
473 2363 531 2402 ante
542 2353 617 2403 fores.

124 2432 182 2483 Non
192 2449 240 2498 ego
250 2432 351 2482 laudari
361 2449 431 2491 euro,
439 2449 495 2482 mea
505 2434 580 2483 Delia
591 2454 598 2483 ι
615 2441 697 2483 tecum

155 2513 224 2563 Dum
235 2514 310 2563 modo
321 2515 377 2576 sim,
389 2530 482 2580 quaeso
493 2517 576 2580 segnis
587 2516 703 2578 inersque
714 2531 793 2565 vooer,

125 2594 161 2645 Te
172 2604 290 2662 spectem,
300 2612 417 2661 suprema
426 2597 487 2645 mihi
497 2613 554 2647 oum
565 2599 661 2646 venerit
671 2598 741 2660 hora,

155 2675 194 2726 Te
204 2686 302 2726 teneam
313 2679 423 2727 moriens
432 2678 560 2729 deficiente
571 2695 654 2728 manu.

125 2751 209 2802 Flebis
219 2762 245 2804 et
256 2769 346 2804 arsuro
355 2755 463 2819 positum
474 2772 521 2815 me,
531 2756 614 2819 Delia,
624 2756 698 2818 lecto,

156 2834 283 2885 Tristibus
294 2842 322 2884 et
331 2835 441 2884 lacrimis
452 2836 536 2885 oscula
546 2838 627 2885 mixta
637 2837 714 2887 dabis.

468 2930 487 2964 n
