<?xml version="1.0" encoding="UTF-8"?>
<!DOCTYPE html PUBLIC "-//W3C//DTD XHTML 1.0 Transitional//EN"
    "http://www.w3.org/TR/xhtml1/DTD/xhtml1-transitional.dtd">
<html xmlns="http://www.w3.org/1999/xhtml" xml:lang="en" lang="en">
 <head>
  <title>
</title>
<meta http-equiv="Content-Type" content="text/html;charset=utf-8" />
  <meta name='ocr-system' content='tesseract 3.04.00' />
  <meta name='ocr-capabilities' content='ocr_page ocr_carea ocr_par ocr_line ocrx_word'/>
</head>
<body>
  <div class='ocr_page' id='page_1' title='image "./anthologialatin02thacgoog_0109.png"; bbox 0 0 2320 3590; ppageno 0'>
   <div class='ocr_carea' id='block_1_1' title="bbox 316 424 873 474">
    <p class='ocr_par' dir='ltr' id='par_1_1' title="bbox 316 424 873 474">
     <span class='ocr_line' id='line_1_1' title="bbox 316 424 873 474; baseline 0.002 -11"><span class='ocrx_word' id='word_1_1' title='bbox 316 431 345 474; x_wconf 69' lang='lat' dir='ltr'>gg</span> <span class='ocrx_word' id='word_1_2' title='bbox 462 424 697 468; x_wconf 66' lang='lat' dir='ltr'>annuendum</span> <span class='ocrx_word' id='word_1_3' title='bbox 724 427 873 470; x_wconf 64' lang='lat' dir='ltr'>namna.</span> 
     </span>
    </p>
   </div>
   <div class='ocr_carea' id='block_1_2' title="bbox 315 518 1022 2605">
    <p class='ocr_par' dir='ltr' id='par_1_2' title="bbox 315 518 1022 2538">
     <span class='ocr_line' id='line_1_2' title="bbox 315 518 968 589; baseline 0.009 -22"><span class='ocrx_word' id='word_1_4' title='bbox 315 518 413 568; x_wconf 82' lang='lat' dir='ltr'>Tollere</span> <span class='ocrx_word' id='word_1_5' title='bbox 424 518 501 568; x_wconf 88' lang='lat' dir='ltr'>humo</span> <span class='ocrx_word' id='word_1_6' title='bbox 512 519 641 589; x_wconf 85' lang='lat' dir='ltr'>victorque</span> <span class='ocrx_word' id='word_1_7' title='bbox 651 520 733 569; x_wconf 87' lang='lat' dir='ltr'>virum</span> <span class='ocrx_word' id='word_1_8' title='bbox 743 521 849 573; x_wconf 82' lang='lat' dir='ltr'>volitare</span> <span class='ocrx_word' id='word_1_9' title='bbox 859 538 968 587; x_wconf 82' lang='lat' dir='ltr'>perora.</span> 
     </span>
     <span class='ocr_line' id='line_1_3' title="bbox 315 600 1018 670; baseline 0.01 -22"><span class='ocrx_word' id='word_1_10' title='bbox 315 601 415 650; x_wconf 84' lang='lat' dir='ltr'>Primus</span> <span class='ocrx_word' id='word_1_11' title='bbox 426 616 474 666; x_wconf 83' lang='lat' dir='ltr'>ego</span> <span class='ocrx_word' id='word_1_12' title='bbox 485 600 512 648; x_wconf 91' lang='lat' dir='ltr'>in</span> <span class='ocrx_word' id='word_1_13' title='bbox 523 601 632 664; x_wconf 82' lang='lat' dir='ltr'>patriam</span> <span class='ocrx_word' id='word_1_14' title='bbox 642 617 748 660; x_wconf 86' lang='lat' dir='ltr'>mecum,</span> <span class='ocrx_word' id='word_1_15' title='bbox 755 603 828 652; x_wconf 88' lang='lat' dir='ltr'>modo</span> <span class='ocrx_word' id='word_1_16' title='bbox 839 605 891 653; x_wconf 86' lang='lat' dir='ltr'>vita</span> <span class='ocrx_word' id='word_1_17' title='bbox 902 607 1018 670; x_wconf 80' lang='lat' dir='ltr'>supersit,</span> 
     </span>
     <span class='ocr_line' id='line_1_4' title="bbox 315 681 849 746; baseline 0.009 -17"><span class='ocrx_word' id='word_1_18' title='bbox 315 682 400 732; x_wconf 88' lang='lat' dir='ltr'>Aonio</span> <span class='ocrx_word' id='word_1_19' title='bbox 410 681 508 731; x_wconf 86' lang='lat' dir='ltr'>radiens</span> <span class='ocrx_word' id='word_1_20' title='bbox 519 681 639 731; x_wconf 82' lang='lat' dir='ltr'>deducam</span> <span class='ocrx_word' id='word_1_21' title='bbox 652 683 742 732; x_wconf 82' lang='lat' dir='ltr'>vertice</span> <span class='ocrx_word' id='word_1_22' title='bbox 753 683 849 746; x_wconf 86' lang='lat' dir='ltr'>Musas,</span> 
     </span>
     <span class='ocr_line' id='line_1_5' title="bbox 315 763 984 831; baseline 0.009 -20"><span class='ocrx_word' id='word_1_23' title='bbox 315 764 415 812; x_wconf 84' lang='lat' dir='ltr'>Primus</span> <span class='ocrx_word' id='word_1_24' title='bbox 426 764 557 812; x_wconf 85' lang='lat' dir='ltr'>Idumaeas</span> <span class='ocrx_word' id='word_1_25' title='bbox 567 763 674 813; x_wconf 83' lang='lat' dir='ltr'>referam</span> <span class='ocrx_word' id='word_1_26' title='bbox 686 765 740 826; x_wconf 89' lang='lat' dir='ltr'>tibi,</span> <span class='ocrx_word' id='word_1_27' title='bbox 752 764 868 828; x_wconf 79' lang='lat' dir='ltr'>Mantus,</span> <span class='ocrx_word' id='word_1_28' title='bbox 878 766 984 831; x_wconf 77' lang='lat' dir='ltr'>palmas,</span> 
     </span>
     <span class='ocr_line' id='line_1_6' title="bbox 315 845 978 913; baseline 0.006 -19"><span class='ocrx_word' id='word_1_29' title='bbox 315 847 349 895; x_wconf 80' lang='lat' dir='ltr'>Iit</span> <span class='ocrx_word' id='word_1_30' title='bbox 360 845 435 894; x_wconf 87' lang='lat' dir='ltr'>viridi</span> <span class='ocrx_word' id='word_1_31' title='bbox 445 847 472 894; x_wconf 92' lang='lat' dir='ltr'>in</span> <span class='ocrx_word' id='word_1_32' title='bbox 482 859 570 908; x_wconf 84' lang='lat' dir='ltr'>campo</span> <span class='ocrx_word' id='word_1_33' title='bbox 579 845 700 909; x_wconf 89' lang='lat' dir='ltr'>templum</span> <span class='ocrx_word' id='word_1_34' title='bbox 711 845 743 895; x_wconf 91' lang='lat' dir='ltr'>de</span> <span class='ocrx_word' id='word_1_35' title='bbox 754 862 877 897; x_wconf 82' lang='lat' dir='ltr'>marmore</span> <span class='ocrx_word' id='word_1_36' title='bbox 887 864 978 913; x_wconf 79' lang='lat' dir='ltr'>ponem</span> 
     </span>
     <span class='ocr_line' id='line_1_7' title="bbox 315 926 980 992; baseline 0.008 -18"><span class='ocrx_word' id='word_1_37' title='bbox 315 927 423 992; x_wconf 85' lang='lat' dir='ltr'><strong>Propter</strong></span> <span class='ocrx_word' id='word_1_38' title='bbox 433 941 535 991; x_wconf 78' lang='lat' dir='ltr'>aquam,</span> <span class='ocrx_word' id='word_1_39' title='bbox 548 926 627 975; x_wconf 87' lang='lat' dir='ltr'>tardis</span> <span class='ocrx_word' id='word_1_40' title='bbox 637 928 726 992; x_wconf 79' lang='lat' dir='ltr'>ingens</span> <span class='ocrx_word' id='word_1_41' title='bbox 737 927 781 977; x_wconf 93' lang='lat' dir='ltr'>uhi</span> <span class='ocrx_word' id='word_1_42' title='bbox 791 927 900 978; x_wconf 84' lang='lat' dir='ltr'>flexibus</span> <span class='ocrx_word' id='word_1_43' title='bbox 910 942 980 980; x_wconf 83' lang='lat' dir='ltr'>errat</span> 
     </span>
     <span class='ocr_line' id='line_1_8' title="bbox 315 997 915 1074; baseline 0.005 -17"><span class='ocrx_word' id='word_1_44' title='bbox 315 1008 424 1058; x_wconf 84' lang='lat' dir='ltr'>Mincius</span> <span class='ocrx_word' id='word_1_45' title='bbox 435 1017 462 1059; x_wconf 90' lang='lat' dir='ltr'>et</span> <span class='ocrx_word' id='word_1_46' title='bbox 474 1018 560 1059; x_wconf 87' lang='lat' dir='ltr'>tenera</span> <span class='ocrx_word' id='word_1_47' title='bbox 570 1003 695 1074; x_wconf 77' lang='lat' dir='ltr'>praetexit</span> <span class='ocrx_word' id='word_1_48' title='bbox 707 1010 828 1060; x_wconf 82' lang='lat' dir='ltr'>arundine</span> <span class='ocrx_word' id='word_1_49' title='bbox 836 997 915 1074; x_wconf 76' lang='lat' dir='ltr'>ripas.</span> 
     </span>
     <span class='ocr_line' id='line_1_9' title="bbox 315 1090 977 1156; baseline 0.005 -17"><span class='ocrx_word' id='word_1_50' title='bbox 315 1090 347 1139; x_wconf 92' lang='lat' dir='ltr'>In</span> <span class='ocrx_word' id='word_1_51' title='bbox 357 1091 438 1141; x_wconf 86' lang='lat' dir='ltr'>medio</span> <span class='ocrx_word' id='word_1_52' title='bbox 449 1092 510 1141; x_wconf 91' lang='lat' dir='ltr'>mihi</span> <span class='ocrx_word' id='word_1_53' title='bbox 521 1091 615 1142; x_wconf 80' lang='lat' dir='ltr'>Caesen</span> <span class='ocrx_word' id='word_1_54' title='bbox 625 1093 683 1148; x_wconf 87' lang='lat' dir='ltr'>erit,</span> <span class='ocrx_word' id='word_1_55' title='bbox 693 1091 864 1156; x_wconf 85' lang='lat' dir='ltr'>templumque</span> <span class='ocrx_word' id='word_1_56' title='bbox 875 1093 977 1142; x_wconf 78' lang='lat' dir='ltr'>tenebit</span> 
     </span>
     <span class='ocr_line' id='line_1_10' title="bbox 316 1172 904 1238; baseline 0.003 -18"><span class='ocrx_word' id='word_1_57' title='bbox 316 1172 358 1221; x_wconf 90' lang='lat' dir='ltr'>Illi</span> <span class='ocrx_word' id='word_1_58' title='bbox 369 1174 449 1222; x_wconf 86' lang='lat' dir='ltr'>victor</span> <span class='ocrx_word' id='word_1_59' title='bbox 458 1188 506 1238; x_wconf 86' lang='lat' dir='ltr'>ego</span> <span class='ocrx_word' id='word_1_60' title='bbox 516 1179 542 1223; x_wconf 86' lang='lat' dir='ltr'>et</span> <span class='ocrx_word' id='word_1_61' title='bbox 553 1172 632 1237; x_wconf 82' lang='lat' dir='ltr'>Tyrio</span> <span class='ocrx_word' id='word_1_62' title='bbox 642 1180 788 1236; x_wconf 80' lang='lat' dir='ltr'>conspectus</span> <span class='ocrx_word' id='word_1_63' title='bbox 800 1174 826 1222; x_wconf 92' lang='lat' dir='ltr'>in</span> <span class='ocrx_word' id='word_1_64' title='bbox 835 1181 904 1222; x_wconf 88' lang='lat' dir='ltr'>ostro</span> 
     </span>
     <span class='ocr_line' id='line_1_11' title="bbox 317 1252 986 1320; baseline 0.001 -17"><span class='ocrx_word' id='word_1_65' title='bbox 317 1252 425 1303; x_wconf 84' lang='lat' dir='ltr'>Centum</span> <span class='ocrx_word' id='word_1_66' title='bbox 436 1254 599 1319; x_wconf 82' lang='lat' dir='ltr'>quadriiugos</span> <span class='ocrx_word' id='word_1_67' title='bbox 610 1253 710 1319; x_wconf 76' lang='lat' dir='ltr'>agitabo</span> <span class='ocrx_word' id='word_1_68' title='bbox 721 1253 753 1302; x_wconf 84' lang='lat' dir='ltr'>ud</span> <span class='ocrx_word' id='word_1_69' title='bbox 769 1253 873 1303; x_wconf 82' lang='lat' dir='ltr'>flumine</span> <span class='ocrx_word' id='word_1_70' title='bbox 882 1270 986 1320; x_wconf 82' lang='lat' dir='ltr'>eurrus3</span> 
     </span>
     <span class='ocr_line' id='line_1_12' title="bbox 318 1334 1022 1401; baseline 0.004 -16"><span class='ocrx_word' id='word_1_71' title='bbox 318 1335 415 1385; x_wconf 83' lang='lat' dir='ltr'>Cuncta</span> <span class='ocrx_word' id='word_1_72' title='bbox 425 1335 497 1399; x_wconf 90' lang='lat' dir='ltr'>mihi,</span> <span class='ocrx_word' id='word_1_73' title='bbox 504 1335 631 1401; x_wconf 78' lang='lat' dir='ltr'>Alpheum</span> <span class='ocrx_word' id='word_1_74' title='bbox 636 1335 751 1399; x_wconf 86' lang='lat' dir='ltr'>linquens</span> <span class='ocrx_word' id='word_1_75' title='bbox 758 1334 876 1401; x_wconf 81' lang='lat' dir='ltr'>lucosque</span> <span class='ocrx_word' id='word_1_76' title='bbox 885 1336 1022 1398; x_wconf 68' lang='lat' dir='ltr'>Molorchi,</span> 
     </span>
     <span class='ocr_line' id='line_1_13' title="bbox 318 1415 913 1467; baseline 0.002 -1"><span class='ocrx_word' id='word_1_77' title='bbox 318 1417 439 1467; x_wconf 86' lang='lat' dir='ltr'>Cursibus</span> <span class='ocrx_word' id='word_1_78' title='bbox 450 1424 476 1466; x_wconf 85' lang='lat' dir='ltr'>et</span> <span class='ocrx_word' id='word_1_79' title='bbox 485 1417 563 1466; x_wconf 87' lang='lat' dir='ltr'>crudo</span> <span class='ocrx_word' id='word_1_80' title='bbox 574 1417 690 1466; x_wconf 78' lang='lat' dir='ltr'>decernet</span> <span class='ocrx_word' id='word_1_81' title='bbox 700 1415 810 1466; x_wconf 82' lang='lat' dir='ltr'>Graecia</span> <span class='ocrx_word' id='word_1_82' title='bbox 819 1424 913 1467; x_wconf 80' lang='lat' dir='ltr'>caestu.</span> 
     </span>
     <span class='ocr_line' id='line_1_14' title="bbox 318 1498 855 1563; baseline 0 -16"><span class='ocrx_word' id='word_1_83' title='bbox 318 1499 385 1563; x_wconf 87' lang='lat' dir='ltr'>Ipse,</span> <span class='ocrx_word' id='word_1_84' title='bbox 395 1506 471 1563; x_wconf 78' lang='lat' dir='ltr'>eaput</span> <span class='ocrx_word' id='word_1_85' title='bbox 481 1507 567 1548; x_wconf 82' lang='lat' dir='ltr'>tonsae</span> <span class='ocrx_word' id='word_1_86' title='bbox 578 1498 644 1547; x_wconf 82' lang='lat' dir='ltr'>foliis</span> <span class='ocrx_word' id='word_1_87' title='bbox 653 1505 757 1549; x_wconf 82' lang='lat' dir='ltr'>ornatus</span> <span class='ocrx_word' id='word_1_88' title='bbox 767 1498 855 1556; x_wconf 65' lang='lat' dir='ltr'>olivas„</span> 
     </span>
     <span class='ocr_line' id='line_1_15' title="bbox 318 1575 1009 1644; baseline 0.001 -17"><span class='ocrx_word' id='word_1_89' title='bbox 318 1578 392 1627; x_wconf 77' lang='lat' dir='ltr'>Dona</span> <span class='ocrx_word' id='word_1_90' title='bbox 402 1577 490 1627; x_wconf 84' lang='lat' dir='ltr'>feram.</span> <span class='ocrx_word' id='word_1_91' title='bbox 523 1576 578 1624; x_wconf 89' lang='lat' dir='ltr'>Iam</span> <span class='ocrx_word' id='word_1_92' title='bbox 589 1591 655 1625; x_wconf 84' lang='lat' dir='ltr'>nune</span> <span class='ocrx_word' id='word_1_93' title='bbox 665 1575 791 1627; x_wconf 84' lang='lat' dir='ltr'>sollemnis</span> <span class='ocrx_word' id='word_1_94' title='bbox 801 1576 892 1627; x_wconf 81' lang='lat' dir='ltr'>ducere</span> <span class='ocrx_word' id='word_1_95' title='bbox 904 1593 1009 1644; x_wconf 82' lang='lat' dir='ltr'>pompas</span> 
     </span>
     <span class='ocr_line' id='line_1_16' title="bbox 318 1657 931 1720; baseline 0.003 -14"><span class='ocrx_word' id='word_1_96' title='bbox 318 1658 360 1707; x_wconf 91' lang='lat' dir='ltr'>Ad</span> <span class='ocrx_word' id='word_1_97' title='bbox 372 1658 475 1708; x_wconf 87' lang='lat' dir='ltr'>delubra</span> <span class='ocrx_word' id='word_1_98' title='bbox 486 1659 555 1708; x_wconf 86' lang='lat' dir='ltr'>iuvat</span> <span class='ocrx_word' id='word_1_99' title='bbox 566 1672 701 1720; x_wconf 83' lang='lat' dir='ltr'>caesosque</span> <span class='ocrx_word' id='word_1_100' title='bbox 712 1657 796 1706; x_wconf 84' lang='lat' dir='ltr'>videre</span> <span class='ocrx_word' id='word_1_101' title='bbox 807 1659 931 1718; x_wconf 74' lang='lat' dir='ltr'>iuvandos,</span> 
     </span>
     <span class='ocr_line' id='line_1_17' title="bbox 319 1737 948 1804; baseline 0.002 -16"><span class='ocrx_word' id='word_1_102' title='bbox 319 1739 370 1788; x_wconf 86' lang='lat' dir='ltr'>Vel</span> <span class='ocrx_word' id='word_1_103' title='bbox 379 1755 468 1788; x_wconf 78' lang='lat' dir='ltr'>scaena</span> <span class='ocrx_word' id='word_1_104' title='bbox 478 1746 507 1788; x_wconf 89' lang='lat' dir='ltr'>ut</span> <span class='ocrx_word' id='word_1_105' title='bbox 517 1742 595 1787; x_wconf 87' lang='lat' dir='ltr'>versis</span> <span class='ocrx_word' id='word_1_106' title='bbox 605 1737 716 1787; x_wconf 82' lang='lat' dir='ltr'>discedat</span> <span class='ocrx_word' id='word_1_107' title='bbox 727 1737 860 1797; x_wconf 83' lang='lat' dir='ltr'>frontibus,</span> <span class='ocrx_word' id='word_1_108' title='bbox 872 1747 948 1804; x_wconf 91' lang='lat' dir='ltr'>utque</span> 
     </span>
     <span class='ocr_line' id='line_1_18' title="bbox 319 1818 889 1885; baseline 0.004 -18"><span class='ocrx_word' id='word_1_109' title='bbox 319 1820 450 1885; x_wconf 85' lang='lat' dir='ltr'>Purpurea</span> <span class='ocrx_word' id='word_1_110' title='bbox 460 1820 550 1869; x_wconf 81' lang='lat' dir='ltr'>intexti</span> <span class='ocrx_word' id='word_1_111' title='bbox 562 1818 652 1868; x_wconf 81' lang='lat' dir='ltr'>tollant</span> <span class='ocrx_word' id='word_1_112' title='bbox 662 1818 750 1867; x_wconf 84' lang='lat' dir='ltr'>aulaea</span> <span class='ocrx_word' id='word_1_113' title='bbox 763 1819 889 1870; x_wconf 78' lang='lat' dir='ltr'>Britanni.</span> 
     </span>
     <span class='ocr_line' id='line_1_19' title="bbox 319 1900 976 1966; baseline 0.002 -16"><span class='ocrx_word' id='word_1_114' title='bbox 319 1902 350 1950; x_wconf 90' lang='lat' dir='ltr'>In</span> <span class='ocrx_word' id='word_1_115' title='bbox 362 1901 457 1950; x_wconf 85' lang='lat' dir='ltr'>foribus</span> <span class='ocrx_word' id='word_1_116' title='bbox 467 1915 577 1965; x_wconf 84' lang='lat' dir='ltr'>pugnam</span> <span class='ocrx_word' id='word_1_117' title='bbox 589 1916 622 1948; x_wconf 89' lang='lat' dir='ltr'>ex</span> <span class='ocrx_word' id='word_1_118' title='bbox 632 1915 694 1949; x_wconf 86' lang='lat' dir='ltr'>auro</span> <span class='ocrx_word' id='word_1_119' title='bbox 705 1900 833 1965; x_wconf 84' lang='lat' dir='ltr'>solidoque</span> <span class='ocrx_word' id='word_1_120' title='bbox 844 1901 976 1966; x_wconf 79' lang='lat' dir='ltr'>elephanto</span> 
     </span>
     <span class='ocr_line' id='line_1_20' title="bbox 320 1981 957 2047; baseline 0.003 -16"><span class='ocrx_word' id='word_1_121' title='bbox 320 1981 493 2047; x_wconf 79' lang='lat' dir='ltr'>Gangaridum</span> <span class='ocrx_word' id='word_1_122' title='bbox 505 1981 593 2029; x_wconf 81' lang='lat' dir='ltr'>faciam</span> <span class='ocrx_word' id='word_1_123' title='bbox 605 1981 755 2044; x_wconf 79' lang='lat' dir='ltr'>victorisque</span> <span class='ocrx_word' id='word_1_124' title='bbox 766 1997 836 2031; x_wconf 77' lang='lat' dir='ltr'>arma</span> <span class='ocrx_word' id='word_1_125' title='bbox 847 1983 957 2046; x_wconf 84' lang='lat' dir='ltr'>Quirini,</span> 
     </span>
     <span class='ocr_line' id='line_1_21' title="bbox 320 2062 988 2129; baseline 0.003 -16"><span class='ocrx_word' id='word_1_126' title='bbox 320 2067 406 2129; x_wconf 88' lang='lat' dir='ltr'>Atque</span> <span class='ocrx_word' id='word_1_127' title='bbox 417 2064 458 2113; x_wconf 84' lang='lat' dir='ltr'>hie</span> <span class='ocrx_word' id='word_1_128' title='bbox 468 2062 604 2112; x_wconf 83' lang='lat' dir='ltr'>undantem</span> <span class='ocrx_word' id='word_1_129' title='bbox 616 2062 681 2112; x_wconf 86' lang='lat' dir='ltr'>hello</span> <span class='ocrx_word' id='word_1_130' title='bbox 691 2078 859 2129; x_wconf 83' lang='lat' dir='ltr'>magnumque</span> <span class='ocrx_word' id='word_1_131' title='bbox 870 2065 988 2117; x_wconf 88' lang='lat' dir='ltr'>fluentem</span> 
     </span>
     <span class='ocr_line' id='line_1_22' title="bbox 321 2144 890 2209; baseline 0.002 -14"><span class='ocrx_word' id='word_1_132' title='bbox 321 2145 406 2195; x_wconf 90' lang='lat' dir='ltr'>Nilum</span> <span class='ocrx_word' id='word_1_133' title='bbox 417 2160 446 2194; x_wconf 79' lang='lat' dir='ltr'>an</span> <span class='ocrx_word' id='word_1_134' title='bbox 457 2144 539 2193; x_wconf 85' lang='lat' dir='ltr'>navali</span> <span class='ocrx_word' id='word_1_135' title='bbox 551 2144 676 2209; x_wconf 85' lang='lat' dir='ltr'>surgentis</span> <span class='ocrx_word' id='word_1_136' title='bbox 687 2159 744 2193; x_wconf 80' lang='lat' dir='ltr'>uere</span> <span class='ocrx_word' id='word_1_137' title='bbox 754 2145 890 2197; x_wconf 80' lang='lat' dir='ltr'>columnus.</span> 
     </span>
     <span class='ocr_line' id='line_1_23' title="bbox 320 2225 1010 2293; baseline 0 -17"><span class='ocrx_word' id='word_1_138' title='bbox 320 2227 422 2276; x_wconf 89' lang='lat' dir='ltr'>Addam</span> <span class='ocrx_word' id='word_1_139' title='bbox 432 2226 507 2275; x_wconf 92' lang='lat' dir='ltr'>urbes</span> <span class='ocrx_word' id='word_1_140' title='bbox 518 2226 596 2275; x_wconf 87' lang='lat' dir='ltr'>Asiae</span> <span class='ocrx_word' id='word_1_141' title='bbox 608 2225 714 2274; x_wconf 85' lang='lat' dir='ltr'>domitas</span> <span class='ocrx_word' id='word_1_142' title='bbox 723 2226 872 2291; x_wconf 83' lang='lat' dir='ltr'>pulsumque</span> <span class='ocrx_word' id='word_1_143' title='bbox 883 2227 1010 2293; x_wconf 80' lang='lat' dir='ltr'>Niphaten</span> 
     </span>
     <span class='ocr_line' id='line_1_24' title="bbox 319 2306 962 2375; baseline 0.005 -19"><span class='ocrx_word' id='word_1_144' title='bbox 319 2308 498 2372; x_wconf 84' lang='lat' dir='ltr'>Fidentemque</span> <span class='ocrx_word' id='word_1_145' title='bbox 510 2307 572 2372; x_wconf 81' lang='lat' dir='ltr'>fuge</span> <span class='ocrx_word' id='word_1_146' title='bbox 582 2306 705 2355; x_wconf 87' lang='lat' dir='ltr'>Parthum</span> <span class='ocrx_word' id='word_1_147' title='bbox 717 2310 844 2373; x_wconf 85' lang='lat' dir='ltr'>versisque</span> <span class='ocrx_word' id='word_1_148' title='bbox 855 2310 962 2375; x_wconf 84' lang='lat' dir='ltr'>sagittis,</span> 
     </span>
     <span class='ocr_line' id='line_1_25' title="bbox 320 2387 932 2456; baseline 0.005 -19"><span class='ocrx_word' id='word_1_149' title='bbox 320 2390 355 2439; x_wconf 84' lang='lat' dir='ltr'>Et</span> <span class='ocrx_word' id='word_1_150' title='bbox 365 2389 414 2438; x_wconf 90' lang='lat' dir='ltr'>duo</span> <span class='ocrx_word' id='word_1_151' title='bbox 425 2395 498 2453; x_wconf 85' lang='lat' dir='ltr'>rapta</span> <span class='ocrx_word' id='word_1_152' title='bbox 509 2403 584 2437; x_wconf 91' lang='lat' dir='ltr'>manu</span> <span class='ocrx_word' id='word_1_153' title='bbox 595 2387 693 2437; x_wconf 83' lang='lat' dir='ltr'>diverso</span> <span class='ocrx_word' id='word_1_154' title='bbox 704 2405 737 2438; x_wconf 83' lang='lat' dir='ltr'>ex</span> <span class='ocrx_word' id='word_1_155' title='bbox 747 2390 818 2440; x_wconf 87' lang='lat' dir='ltr'>hoste</span> <span class='ocrx_word' id='word_1_156' title='bbox 829 2400 932 2456; x_wconf 80' lang='lat' dir='ltr'>tropaea</span> 
     </span>
     <span class='ocr_line' id='line_1_26' title="bbox 321 2469 935 2538; baseline 0.005 -21"><span class='ocrx_word' id='word_1_157' title='bbox 321 2469 414 2535; x_wconf 88' lang='lat' dir='ltr'>Bisque</span> <span class='ocrx_word' id='word_1_158' title='bbox 425 2469 592 2535; x_wconf 80' lang='lat' dir='ltr'>triumphatas</span> <span class='ocrx_word' id='word_1_159' title='bbox 602 2475 710 2533; x_wconf 85' lang='lat' dir='ltr'>utroque</span> <span class='ocrx_word' id='word_1_160' title='bbox 720 2470 752 2519; x_wconf 91' lang='lat' dir='ltr'>ab</span> <span class='ocrx_word' id='word_1_161' title='bbox 763 2470 836 2521; x_wconf 86' lang='lat' dir='ltr'>litore</span> <span class='ocrx_word' id='word_1_162' title='bbox 846 2473 935 2538; x_wconf 86' lang='lat' dir='ltr'>gentis.</span> 
     </span>
    </p>

    <p class='ocr_par' dir='ltr' id='par_1_3' title="bbox 883 2559 985 2605">
     <span class='ocr_line' id='line_1_27' title="bbox 883 2559 985 2605; baseline 0.039 -4"><span class='ocrx_word' id='word_1_163' title='bbox 883 2569 906 2602; x_wconf 89' lang='lat' dir='ltr'>v.</span> <span class='ocrx_word' id='word_1_164' title='bbox 920 2559 985 2605; x_wconf 85' lang='lat'><strong>1·33.</strong></span> 
     </span>
    </p>
   </div>
   <div class='ocr_carea' id='block_1_3' title="bbox 592 2684 785 2821">
    <p class='ocr_par' dir='ltr' id='par_1_4' title="bbox 592 2684 785 2821">
     <span class='ocr_line' id='line_1_28' title="bbox 592 2684 785 2821; baseline 0.005 -134"><span class='ocrx_word' id='word_1_165' title='bbox 592 2684 785 2821; x_wconf 35' lang='lat' dir='ltr'>Q</span> 
     </span>
    </p>
   </div>
   <div class='ocr_carea' id='block_1_4' title="bbox 0 0 1176 3590">
    <p class='ocr_par' dir='ltr' id='par_1_5' title="bbox 0 0 1176 3590">
     <span class='ocr_line' id='line_1_29' title="bbox 0 0 1176 3590; baseline 0 0"><span class='ocrx_word' id='word_1_166' title='bbox 0 0 1176 3590; x_wconf 95' lang='lat' dir='ltr'> </span> 
     </span>
    </p>
   </div>
  </div>
 </body>
</html>
