2310 3592
335 401 379 445 194
479 383 713 428 uurnouooru
739 385 885 428 turrira.

362 477 401 527 Sit
411 493 510 527 mensae
521 480 595 541 ratio,
605 494 706 544 noxque
717 481 783 529 inter
793 480 883 543 poonln
892 488 987 538 currat,

397 556 431 605 Et
441 558 541 606 orooino
551 558 620 607 nuris
632 574 746 608 murreus
758 567 839 624 unget
850 574 931 624 onyx.
984 610 986 615 ,

365 637 440 687 Tibia
450 639 578 687 nocturnis
590 639 734 689 sueoumbnt
744 654 821 688 rauna
831 639 939 703 choreis,

399 718 435 768 Ilt
447 720 497 768 sint
507 720 635 783 nequitipe
646 719 727 791 libera
735 720 812 770 verba
822 727 881 770 tuae
890 739 898 785 3

369 800 508 866 Dulciaque
519 801 633 867 ingratos
643 802 755 853 adimant
765 803 879 850 convivis,
890 817 1003 864 somnos;

401 881 505 931 Publica
513 883 609 932 vicinae
620 890 760 948 perstrepat
770 898 832 932 aura
842 885 904 931 riae.

370 963 409 1012 Sit
420 980 474 1013 sors
484 971 510 1012 et
519 964 591 1013 nobis
602 964 709 1013 talorum
720 967 857 1029 interprete
869 966 945 1026 iaetu,

402 1044 482 1105 Quem
494 1046 611 1110 gravibus
622 1046 711 1110 pennis
723 1046 838 1096 verberet
847 1046 890 1094 ille
902 1045 981 1095 Puer.

373 1128 438 1178 Cum
449 1126 526 1175 fuerit
536 1126 621 1175 multis
633 1134 723 1176 exacta
733 1127 866 1193 trientibus
876 1127 948 1189 horn,

404 1205 491 1256 Noctis
501 1215 528 1255 et
538 1207 653 1261 instituet
665 1223 738 1260 saera
748 1209 863 1257 ministra
874 1209 970 1269 Venus,
1039 1208 1044 1215 ’

373 1289 468 1337 Annua
478 1287 604 1338 solvamus
613 1289 725 1338 thalamo
735 1288 868 1341 sollemnia
878 1299 973 1348 nostro,

406 1369 553 1435 Natalisque
563 1372 602 1419 tui
613 1372 648 1420 sio
658 1385 808 1436 peragamus
820 1371 875 1420 iter.

877 1456 942 1515 Elop.
954 1468 980 1503 x.

647 1697 775 1765 oxum&

559 1850 668 1903 Morum
679 1849 838 1920 simplicitas.

351 2097 362 2106 ⁸
376 2063 409 2148 lv
428 2085 464 2176 ἶ
517 2098 587 2159 Quos
599 2098 700 2147 Aurora
711 2096 851 2151 suisrubrn
862 2097 957 2146 oolornt
966 2097 1040 2159 equis.

407 2168 427 2186 ‘
485 2176 1042 2244 Namqueubimortileroiuotaestiaxultima

395 2320 397 2325 ¹
444 2264 518 2322 leoto,

380 2345 495 2395 Uxorum
506 2343 569 2392 fusis
581 2348 632 2391 stet
642 2342 684 2406 pia
694 2341 770 2391 turba
780 2341 866 2401 nornis,

348 2427 383 2475 Ilt
393 2434 519 2476 certamen
529 2423 622 2472 habent
633 2422 686 2487 leti,
695 2439 760 2488 quae
769 2424 827 2472 viva
838 2431 957 2487 sequatur

382 2507 545 2572 Coniugium:
563 2504 644 2569 pudor
654 2512 693 2553 est
703 2520 753 2553 non
764 2504 863 2553 licuisse
874 2505 945 2553 mori.

350 2590 450 2638 Ardent
461 2588 574 2637 victrices
585 2593 610 2634 et
620 2585 734 2634 flammae
745 2592 847 2649 pectore
857 2585 983 2649 praebent,

382 2671 560 2736 inponuntque
571 2668 622 2717 suis
633 2681 679 2715 ora
688 2674 792 2731 perusto
803 2666 871 2715 viris.

351 2751 400 2801 Hio
411 2766 489 2816 genus
501 2749 605 2798 infidum
616 2754 761 2811 nuptarum,
772 2746 813 2795 hio
824 2746 893 2795 nulla
905 2746 984 2812 puella

382 2831 436 2880 Neo
446 2831 496 2880 fida
506 2830 609 2896 Evadne
621 2844 666 2878 neo
677 2829 718 2892 pia
729 2826 862 2891 Penelope.
883 2878 886 2883 ,
