2304 3590
283 428 330 473 34²
429 407 663 452 ANTHOLOGIA
685 407 829 450 LATINA.

587 657 691 694 ccam.

366 764 574 840 Epithalamium
588 764 705 820 Palladii
716 770 742 817 et
757 761 902 818 Celerinae.

284 1162 421 1225 Densaque
431 1159 539 1209 sidereos
550 1174 596 1224 per
606 1159 721 1225 gramina
731 1157 830 1207 fuderat
841 1164 921 1219 artus,

284 1242 396 1292 Aeelinis
406 1240 496 1291 florum
506 1240 619 1292 cumulat
636 1241 759 1306 crispatur
768 1254 845 1304 opaea

283 1323 429 1387 Pampinus,
439 1328 465 1371 et
475 1322 548 1371 mites
559 1321 673 1371 undatim
683 1320 866 1370 ventilatum.

284 1406 337 1456 Ora
347 1406 417 1455 decet
427 1403 542 1469 neglecta
552 1418 639 1468 sopor:
657 1401 755 1453 fastidit
763 1402 881 1451 amictum

283 1487 386 1543 Aestus,
397 1491 423 1535 et
433 1491 511 1535 exuto
522 1483 675 1533 translueent
685 1489 784 1548 peetere
794 1483 903 1532 frondes.

284 1567 380 1617 Idaliae
390 1567 462 1616 iuxta
472 1565 590 1622 famulae,
601 1563 742 1629 triplexque
753 1564 862 1614 vicissim

288 1649 362 1698 Nera
373 1648 420 1699 sub
429 1648 527 1712 ingenti
535 1647 670 1710 requiescit
681 1644 771 1696 Gratia
782 1660 882 1709 quercu.

288 1730 395 1780 Pennati
405 1730 498 1795 passim
508 1729 590 1794 pueri,
601 1743 651 1792 quo
662 1743 784 1793 quemque
794 1729 891 1777 vocavit

287 1812 393 1875 Umbra,
401 1812 496 1861 iaeent:
506 1809 607 1859 fluitant
616 1825 698 1870 arcus,
706 1809 832 1872 ramisque
841 1808 985 1873 propinquis

287 1894 428 1944 Pendentes
438 1891 534 1958 placido
545 1892 672 1957 suspirant
682 1892 740 1956 igne
750 1890 889 1955 pharetrae.

286 1975 350 2025 Pars
360 1974 447 2040 vigiles
456 1972 555 2035 ludunt,
565 1978 610 2021 aut
620 1986 666 2037 per
675 1970 785 2038 virgulta
795 1978 923 2037 vagantur.

286 2056 436 2105 Ser-utantur
446 2054 518 2104 nidos
527 2054 619 2115 avium,
630 2053 670 2103 vel
680 2053 778 2104 roseida
787 2052 848 2102 laeti

288 2137 357 2187 Mala
366 2137 454 2203 legunt
463 2135 556 2185 donum
567 2135 683 2193 Veneris,
694 2135 824 2200 flexusque
835 2141 970 2199 sequuntur

287 2219 409 2278 Palmitis‚
419 2225 445 2266 et
455 2231 564 2266 summas
574 2218 662 2282 pennis
672 2217 796 2266 librantur
805 2217 832 2266 in
842 2216 928 2265 nimos.

289 2298 434 2349 Defendunt
445 2297 489 2347 alii
499 2297 582 2347 lucum
588 2318 596 2364 3
619 2297 787 2364 Dryadasque
797 2312 912 2364 proeaees

288 2379 421 2446 Spectandi
430 2378 541 2444 eupidas,
552 2387 579 2428 et
588 2380 683 2429 rustica
694 2380 797 2430 numina
807 2379 911 2445 pellunt,

288 2462 468 2526 silvestresque
478 2460 552 2526 deos;
568 2460 692 2526 longeque
703 2462 830 2512 tuentibus
841 2468 937 2511 aunum

289 2543 417 2593 Flammea
424 2542 523 2592 lascivia
534 2542 666 2591 intendunt
677 2542 771 2607 spinula
781 2542 881 2593 Faunis.

289 2624 354 2673 Cum
365 2624 446 2674 subito
456 2625 542 2673 varius
553 2624 633 2672 vicina
642 2622 736 2674 clamor
746 2623 779 2673 ab
789 2623 861 2687 urbe,

289 2706 324 2754 Et
333 2705 410 2755 fausti
420 2706 535 2754 iuvenum
548 2704 658 2769 plausus,
667 2705 806 2771 mistaeque
818 2704 912 2755 choreis

288 2786 400 2836 Auditae
410 2800 457 2853 per
468 2800 529 2835 rura
539 2785 623 2852 lyraez
640 2784 755 2837 Celerina
764 2801 810 2851 per
820 2800 902 2836 omnes

288 2866 375 2915 ltaliae
384 2866 482 2916 canitur
491 2873 596 2928 montes,
606 2868 735 2932 omnisque
746 2867 865 2917 maritum
