2304 3590
317 406 365 452 266
439 398 673 441 An’ffloaouls
700 398 848 444 LATINA.

313 492 341 541 Si
351 508 401 542 non
410 492 493 556 prima
502 492 573 542 nefas
585 492 651 550 belli,
664 492 708 542 sed
717 493 779 556 sola,
791 494 900 545 tulisses.

312 574 335 623 Ο
346 575 436 639 superi,
445 573 519 623 liceat
529 581 609 623 terres
619 574 701 624 odisse
711 583 835 625 nocentes.

312 655 380 716 Quid
390 663 470 705 totum
481 657 602 721 premitis,
611 656 673 720 quid
683 664 763 706 totum
775 657 904 707 absolvitis
911 650 1013 707 orbem?

312 738 448 803 Hesperiae
458 737 549 799 clades,
560 746 586 787 et
595 737 685 787 flebilis
696 738 763 787 unda
773 738 899 804 Pachyni,

314 819 349 867 Et
359 820 469 879 Mutina,
480 825 506 867 et
516 817 613 868 Leucas
623 834 700 883 puros
712 818 794 868 fecere
804 818 943 885 Philippos.

780 901 816 951 [ὁ.
830 918 853 948 v.
865 905 980 951 ast-872.

602 1062 740 1106 CLXXXVII.

513 1161 633 1233 Pompeii
645 1159 809 1232 Apotheosis.

327 1268 374 1291 οι
390 1266 431 1299 ιρι
533 1289 539 1300 ι
640 1290 646 1299 θ
771 1290 777 1300 0
926 1290 931 1301 Ι

318 1276 375 1363 (Q
384 1300 432 1368 33
441 1287 462 1336 Τ
472 1303 523 1337 non
532 1304 560 1336 ιιι
569 1287 664 1336 Pharia
674 1303 759 1337 manes
770 1304 871 1337 iacuere
881 1289 973 1347 favilla,

320 1366 324 1412 ἶ
333 1361 433 1437 ἰΝἝ
456 1370 509 1420 Nec
519 1371 580 1420 cinis
591 1372 697 1436 exiguus
708 1378 805 1420 tantam
815 1373 968 1438 compescuit

321 1375 393 1506 ‚lli
402 1426 434 1503 lt

314 1534 434 1583 Prosiluit
443 1534 525 1589 busto,
536 1534 704 1597 semiustaque
714 1533 827 1582 membra
838 1534 980 1598 relinquens

313 1616 517 1682 Degeneremque
527 1630 625 1677 rogum,
635 1616 750 1678 sequitur
761 1629 876 1663 convexa
886 1614 1011 1665 Tonantis.

312 1697 370 1758 Qua
378 1697 450 1762 niger
461 1694 583 1744 astriferis
593 1695 749 1743 connectitur
759 1694 851 1743 axibus
861 1703 904 1744 aer
915 1714 923 1759 3

312 1779 419 1843 Quaque
427 1784 498 1842 patet
507 1783 587 1824 terras
597 1777 663 1824 inter
673 1774 797 1839 lunaeque
808 1784 914 1838 mestus,

311 1860 420 1909 Semidei
429 1874 514 1907 manes
525 1855 647 1915 habitant,
659 1871 722 1920 quos
732 1857 807 1922 ignea
818 1857 899 1907 virtus

310 1943 434 1992 Innocuos
443 1941 496 1989 rita
505 1939 627 2004 patientes
638 1937 748 1987 aetheris
759 1939 803 1986 imi

310 2026 389 2088 Fecit,
400 2030 426 2074 et
436 2030 548 2072 aeternos
559 2021 668 2069 animam
678 2019 779 2085 collegit
789 2021 817 2069 in
827 2021 907 2070 orbes

311 2107 370 2156 Non
380 2105 439 2154 illuc
450 2119 512 2152 auro
522 2103 605 2167 positi,
616 2117 662 2150 nec
672 2109 729 2150 ture
740 2102 833 2166 sepulti

310 2185 470 2235 Perveniunt.
503 2180 558 2230 Hlic
568 2186 701 2244 postquam
712 2195 739 2229 se
750 2179 844 2229 lumine
854 2196 912 2230 vero

311 2266 429 2332 Inplevit,
439 2263 572 2326 stellasque
582 2276 659 2326 vagas
670 2262 786 2323 miratur,
797 2268 823 2311 et
833 2270 902 2312 astra

313 2345 380 2394 Fixa
391 2342 463 2408 polis,
471 2339 534 2389 vidit
544 2346 639 2403 quanta
650 2338 697 2387 sub
707 2345 780 2388 nocte
790 2340 882 2389 iaceret

314 2426 409 2475 Nostra
419 2424 477 2480 dies,
487 2421 592 2485 risitque
603 2420 642 2469 sui
653 2419 763 2468 ludibria
773 2421 865 2469 trunci.

313 2507 379 2555 Hinc
390 2519 465 2569 super
474 2501 606 2551 Emathiae
614 2515 724 2566 campos,
735 2509 762 2550 et
772 2502 845 2566 signe
854 2499 947 2549 cruenti

313 2587 436 2643 Caesaris.
447 2600 477 2634 ac
487 2598 586 2650 sparsas
596 2581 710 2631 volitavit
719 2582 747 2630 in
758 2597 866 2647 aequore
875 2580 975 2642 classes3

314 2667 349 2715 Et
359 2667 479 2716 scelerum
488 2664 580 2713 vindex
591 2664 618 2711 iu
628 2670 715 2711 sancto
724 2673 826 2727 pectore
835 2661 908 2712 Bruti

315 2744 395 2809 Sedit,
406 2755 432 2796 et
441 2747 528 2797 invicti
537 2744 621 2811 posuit
632 2759 658 2792 se
669 2751 752 2794 mente
765 2743 874 2794 Catonis.

767 2829 821 2876 Lib.
833 2826 866 2876 ix.
878 2840 900 2873 v.
915 2824 972 2871 1-18.
