2320 3590
302 412 347 457 1⁵4
446 394 679 438 ANTHOLOGIA
705 397 852 440 anaim.

396 488 488 537 Primis
496 497 523 538 et
534 504 648 537 venerem
657 496 686 539 et
695 491 792 554 proelia
806 493 924 556 destinet,

396 570 515 620 Frustra:
533 585 593 618 nam
603 570 699 635 gelidos
710 572 805 622 inficiet
815 575 862 624 tibi

429 652 517 700 Rubro
528 653 650 716 sanguine
661 655 728 703 rivos

460 732 558 782 Lascivi
570 734 669 783 suboles
683 736 775 800 gregis

395 894 432 942 Te
442 894 573 958 flagrantis
583 902 657 944 atrox
667 897 730 947 hora
740 899 868 948 caniculae

397 975 483 1025 Nescit
494 983 606 1041 tangere,
616 983 645 1026 tu
656 978 738 1043 frigus
749 980 855 1030 amabile

430 1058 514 1106 Fessis
524 1073 623 1107 vomere
632 1060 713 1107 tauris

463 1137 573 1187 Praebes
583 1146 608 1188 et
619 1141 702 1203 pecori
714 1154 786 1205 vago.

399 1302 457 1351 Fies
468 1301 588 1350 nobilium
597 1311 625 1351 tu
637 1319 737 1367 quoque
748 1303 864 1367 fontium,

401 1383 444 1432 Me
456 1382 552 1432 dicente
563 1375 630 1434 cavis
641 1386 782 1450 impositam
794 1385 877 1436 ilicem

431 1464 515 1527 Saxis,
528 1464 593 1514 unde
603 1465 720 1529 loquaces

463 1546 594 1611 Lymphae
606 1547 724 1598 desiliunt
736 1555 803 1597 tuae.

822 1647 876 1681 xnn

620 1806 692 1842 CXVI.

555 1912 603 1966 Aa
614 1913 757 1968 Bacchum.

316 2079 323 2085 ᾗ
347 2013 376 2089 ἣ
401 2021 484 2071 ΜΟ
494 2037 543 2080 me,
555 2021 660 2080 Bacche,
669 2023 738 2086 rapis
749 2023 787 2071 tui

342 2096 396 2178 [di
405 2083 430 2196 ξ)
451 2102 577 2151 Plenum?
595 2118 660 2167 quae
670 2119 774 2153 nemora
785 2111 830 2153 aut
839 2120 902 2168 quos
910 2107 1002 2171 egerin

339 2271 423 2319 Velox
433 2273 516 2316 mente
527 2265 611 2313 nova?
629 2265 720 2328 quibus

370 2350 461 2400 Antris
471 2347 567 2412 egregii
578 2345 693 2395 Caesaris
704 2346 792 2396 audiar

340 2434 479 2481 Aeternum
491 2426 615 2476 meditans
625 2426 701 2475 decus

371 2510 455 2561 Stellis
466 2509 576 2556 inserere
587 2512 613 2554 et
622 2507 725 2555 consilio
736 2507 822 2556 Iovis?

339 2594 428 2641 Dicam
441 2589 547 2654 insigne,
557 2588 644 2636 recens
655 2587 745 2650 adhuc,

371 2672 497 2722 Indicium
507 2684 550 2718 ore
561 2668 617 2717 elic.
648 2668 673 2717 N
674 2685 707 2718 cn
717 2684 788 2718 secus
798 2670 826 2718 in
836 2670 902 2736 iugis

340 2753 475 2802 Exscmnis
486 2755 571 2815 stupet
581 2749 678 2807 enhias,

372 2833 489 2883 Hebrum
500 2830 653 2895 prospiciens
661 2836 688 2880 ea
697 2831 754 2881 nive
762 2831 893 2881 candidam
