2320 3590
380 447 586 491 Vacemus,
792 464 833 497 101

131 541 170 591 Ne
179 543 258 607 recipi
267 542 359 606 portis,
369 549 414 591 ent
425 541 484 592 duci
495 543 522 590 in
532 541 631 591 moenia
641 549 734 606 posset,

131 623 188 672 Neu
199 623 320 688 populum
331 624 436 687 antique
448 623 494 672 sub
505 623 626 688 religione
637 623 710 672 tueri.

132 704 198 754 Nem
210 706 231 753 si
241 713 327 754 vestra
334 720 425 754 manus
435 705 552 754 violasset
563 705 629 754 done
639 704 777 765 Minervae,

131 786 197 835 Tum
204 786 836 851 magnumexitium-quoddipriusomeninipsum

130 867 285 918 Convertaut
294 866 432 915 !-Priami
446 868 551 932 imperio
564 866 758 932 Phrygibusque
771 865 837 915 futu·

228 964 302 1013 rum3

130 1031 174 1080 Sin
185 1030 301 1080 manibus
313 1033 403 1079 vestris
414 1040 523 1080 uestram
535 1030 686 1080 escendisset
697 1031 723 1079 in
731 1031 828 1093 urbem,

130 1113 206 1163 Ultro
217 1114 304 1162 Asiam
314 1127 408 1178 magno
417 1111 526 1177 Pelopea
536 1112 569 1161 ad
580 1112 677 1161 moenia
688 1111 753 1162 bello

129 1195 283 1256 Venturam,
293 1201 320 1243 et
331 1200 430 1244 nostros
441 1210 472 1243 ea
483 1194 536 1243 lata
545 1209 647 1243 manere
657 1200 766 1259 nepotes.

161 1275 268 1324 Talibus
278 1274 377 1324 insidiis
387 1277 532 1341 periurique
542 1283 598 1326 arte
609 1275 709 1325 Sinonis

128 1357 232 1409 eredita
241 1371 293 1418 res,
303 1357 420 1420 captique
431 1356 495 1407 dolis
505 1357 667 1422 lacrimisque
677 1360 777 1417 coactis,

128 1438 199 1500 Quos
210 1454 293 1503 neque
304 1437 425 1503 Tydides,
434 1455 481 1488 nec
491 1438 638 1489 larissaeus
648 1439 771 1501 Achilles,

130 1522 187 1571 Non
198 1521 260 1570 anni
270 1519 389 1568 domuere
399 1520 494 1583 decem,
504 1537 556 1570 non
564 1521 632 1570 mille
642 1522 750 1571 cannae.

133 1956 150 1981 ,ι
178 1948 193 1976 ι’

221 2005 244 2098 u

137 2092 153 2139 <³
171 2088 216 2138 bb
228 2077 246 2124 θ’
271 2089 395 2139 Obiicitur
404 2090 494 2155 magis,
505 2097 581 2154 atque
592 2089 722 2154 inprovida
735 2097 836 2155 pectore

225 2169 320 2218 turbet

129 2250 252 2310 Laocoon,
263 2250 354 2300 ductus
364 2249 484 2316 Neptuno
496 2250 563 2301 sorte
574 2251 698 2313 sacerdos,

130 2331 261 2383 Sollemnis
273 2340 373 2382 taurum
386 2333 514 2397 ingentem
524 2331 651 2382 mactabat
661 2332 694 2381 ad
705 2347 770 2382 eres.

129 2414 192 2465 lleee
202 2422 288 2465 autem
298 2415 392 2480 gemini
402 2429 417 2462 e
427 2414 530 2463 Tenedo
540 2414 676 2480 tranquilla
686 2431 731 2480 per
740 2414 824 2465 alta-

129 2496 252 2547 Horresco
261 2496 527 2545 referens-inmensis
538 2495 640 2546 orbibus
651 2511 747 2561 angues

129 2580 279 2632 Incumbunt
289 2581 390 2646 pelago,
400 2581 546 2646 peritosque
556 2580 588 2629 ad
598 2580 674 2630 litora
683 2580 802 2645 tendunt3

133 2662 237 2713 Pectora
247 2677 356 2727 quorum
368 2662 434 2710 inter
444 2661 536 2711 fluctus
547 2668 646 2711 arrecta
656 2661 779 2727 iubaeque

131 2741 286 2810 Sanguineas
296 2750 419 2807 superent
427 2741 509 2792 undas
517 2761 524 2807 3
541 2758 601 2808 pars
611 2749 696 2792 cetera
705 2749 809 2808 pontum

130 2822 195 2874 Pone
204 2824 269 2891 legit
280 2824 414 2888 sinuatque
424 2824 538 2873 inmensa
547 2823 672 2872 volumine
683 2830 769 2889 terga;

131 2903 171 2956 lit
179 2908 276 2957 sonitus
285 2912 421 2972 spumante
432 2904 493 2955 salo.
520 2905 625 2969 lemque
636 2920 697 2955 arva
709 2906 836 2969 tenebant,
