2304 3590
297 410 346 454 ³30
443 393 677 437 ANTHOLOGIA
704 396 849 438 LATINA.

299 487 343 534 Bis
354 486 475 536 domitum
484 487 557 537 civile
567 488 653 537 nefasz
669 488 708 538 bis
718 493 832 554 rupimus
843 489 930 556 Alpes.

298 567 348 617 Tot
358 584 403 617 nos
414 569 480 618 bella
489 569 577 619 donent
587 570 651 619 nulli
661 574 753 620 servire
764 574 891 636 tyranno'

332 648 458 715 Diriguit:
476 667 533 715 spes
542 651 611 701 nulla
621 652 711 717 fugae:
728 669 799 718 seges
809 653 920 719 undique
932 653 995 701 ferri

299 729 457 782 Circumfusa
466 733 553 781 mieat:
572 732 662 782 dextra
671 734 791 799 laevaque
801 736 927 784 revinctus

299 811 396 869 Haesit,
407 820 433 862 et
443 813 566 862 ensiferae
577 816 672 879 stupuit
682 830 799 864 mucrone
810 831 925 865 coronae.

301 891 338 940 Ut
348 893 411 955 fera,
422 910 486 958 qnae
497 902 594 944 montes
604 911 683 961 nuper
694 896 789 946 dimisit
799 899 888 955 avitos,

299 974 467 1039 Altorumque
478 976 549 1026 exsul
560 993 689 1026 nemorum
700 978 833 1028 damnatur
844 994 934 1028 arenae

301 1055 459 1118 Muneribus,
469 1065 592 1107 commota
602 1059 668 1123 ruit3
685 1059 724 1107 vir
734 1074 861 1108 murmure
871 1066 958 1108 eontra

301 1136 434 1196 Hortatur,
446 1140 570 1203 nixusque
581 1155 647 1203 genu
658 1140 780 1189 venabula
790 1141 877 1190 tendit

300 1217 348 1266 Illa
358 1225 433 1283 pavet
443 1220 573 1285 strepitus,
583 1236 724 1285 cuneosque
734 1228 818 1269 erecta
827 1220 923 1270 theatri

303 1299 421 1363 Respicit,
430 1308 458 1350 st
467 1302 532 1350 tanti
541 1302 648 1350 miratur
659 1300 732 1350 sibila
742 1301 817 1367 vulgi.

712 1386 764 1433 Lib.
776 1398 805 1432 11.
817 1400 840 1431 v.
853 1389 967 1432 348-399.

520 1528 523 1532 “
607 1537 705 1573 ocnvn.

481 1643 526 1697 De
537 1644 597 1696 III.
612 1644 691 1699 Com.
706 1643 831 1698 Honorii.

582 1750 729 1820 Praefatio.

332 1880 337 1906 e
357 1862 388 1920 2*
400 1849 425 1910 l·
436 1860 556 1911 Auvos
566 1876 616 1909 non
627 1860 717 1925 aquilis
726 1860 765 1909 fas
771 1866 810 1909 est
817 1860 1005 1922 eduoeoefetus,

322 1945 371 1973 '*
362 1994 388 2005 ,
358 1897 425 1997 'Ul
481 1943 551 1992 Ante
562 1943 638 1994 fidem
648 1942 716 2005 solis,
727 1942 897 2007 iudiciumque
908 1943 964 2008 poli.

316 2046 340 2080 r:
350 2000 427 2077 J'lli·
451 2026 518 2074 Nam
528 2032 608 2090 pater,
619 2039 725 2073 excusso
736 2023 813 2072 saluit
823 2039 883 2072 oum
894 2025 1001 2089 tegmine

399 2108 488 2173 proles,

334 2191 438 2254 Ovaque
448 2196 576 2237 maternus
587 2189 656 2252 rupit
667 2187 752 2237 hiulca
761 2194 843 2251 tepor,

303 2274 421 2322 Protinus
432 2270 563 2334 implumes
573 2272 694 2319 convertit
705 2269 737 2318 ad
748 2270 850 2318 aethera
860 2268 939 2325 nidos,

337 2355 371 2404 Et
381 2361 449 2403 rooto
459 2352 572 2401 flammas
583 2352 689 2416 imperat
700 2366 743 2400 ore
754 2352 814 2416 pati.

305 2436 419 2486 Consulit
429 2433 544 2483 ardentes
554 2433 646 2495 radios,
657 2441 683 2483 et
693 2433 749 2481 luee
759 2433 883 2497 magistre

339 2518 462 2567 Natorum
474 2515 540 2563 vires
550 2515 727 2579 ingeniumque
737 2513 836 2577 probet.

306 2601 450 2664 Degeneres
460 2595 549 2661 refugo
561 2595 635 2644 torsit
645 2595 689 2658 qui
699 2594 792 2642 lumine
803 2594 881 2656 visus,

337 2678 470 2744 Unguibus
482 2676 548 2725 hune
559 2675 637 2724 saevis
649 2676 687 2723 ira
696 2682 801 2739 paterna
811 2674 876 2726 ferit.

307 2759 486 2826 Exploratores
497 2757 574 2807 oeulis
585 2757 629 2821 qui
638 2755 742 2821 pertulit
752 2756 831 2821 ignes,

339 2841 512 2905 sustinuitque
524 2840 577 2889 acie
588 2837 710 2890 nobiliore
721 2837 796 2899 diem,
