2304 3590
389 408 567 453 soceros.
785 414 831 467 269

128 502 261 569 Sortilegis
270 510 361 570 egeant
371 502 448 561 dubii,
459 519 606 569 semperque
618 504 709 553 suturis

128 583 237 634 Casibus
247 586 383 650 ancipites:
399 601 439 633 me
449 601 500 634 non
510 585 611 634 oracula
620 594 725 645 certum,

130 663 407 716 Sedmorscertasacit.
423 665 517 714 Pavido
524 666 633 730 fortique
640 665 777 714 cadendum
785 672 834 714 est:

130 746 187 795 Hoc
198 749 259 796 satis
269 755 307 796 est
318 748 411 796 dixisse
420 747 523 796 Iovem’
558 746 599 796 Sic
610 747 652 795 ille
662 746 776 811 profatus

131 828 285 893 Servataque
294 829 344 879 fide
355 829 449 895 templi,
460 829 565 879 discedit
575 829 608 878 ab
619 830 678 889 oris,

130 911 190 960 Non
199 912 358 977 exploratum
367 911 467 977 populis
478 912 606 961 Ammona
617 911 767 975 relinquens.

163 994 223 1058 Ipse
233 1009 310 1042 manu
321 1009 367 1043 sua
377 994 428 1059 pila
438 994 504 1057 gerit
514 1012 520 1053 ;
540 993 668 1058 praecedit
678 992 762 1042 anheli

132 1073 223 1124 Militis
233 1090 279 1124 cre
287 1074 362 1140 pedes
374 1093 380 1124 ε
397 1081 520 1124 monstret
530 1074 636 1124 tolerare
647 1090 760 1138 vapores,

133 1155 191 1205 Non
201 1156 287 1219 iubet3
304 1163 330 1205 et
340 1155 409 1206 nulla
419 1156 519 1205 vehitur
528 1157 623 1205 service
633 1158 737 1222 supinus

132 1235 308 1302 Carpentoque
319 1237 414 1287 sedens.
449 1237 535 1287 Somni
545 1238 704 1302 parcissimus
715 1237 767 1302 ipse
778 1244 825 1292 est,

133 1317 244 1368 Ultimus
255 1319 360 1369 haustor
370 1335 456 1383 equae.
482 1318 547 1369 Cum
554 1318 655 1368 tandem
664 1319 733 1368 fonte
738 1327 837 1384 reperto

133 1399 222 1468 Inpligu
232 1408 337 1466 cogetur
347 1401 433 1451 letires
443 1408 530 1466 potare
540 1394 664 1461 iuventus,

136 1480 198 1539 Stat,
208 1482 269 1531 dum
276 1482 329 1530 lixa
339 1483 415 1532 bibat
451 1482 479 1531 Si
489 1484 557 1532 veris
567 1498 660 1547 magna
669 1489 773 1547 paratur

135 1564 212 1614 Fama
220 1564 301 1622 bonis,
312 1572 338 1613 et
348 1565 369 1613 si
379 1580 493 1615 successu
504 1564 572 1614 nuda
582 1571 677 1613 remoto

135 1645 270 1710 inspicitur
279 1647 369 1708 virtus,
379 1646 501 1711 quidquid
511 1645 642 1695 laudamus
652 1646 679 1694 in
689 1645 741 1694 ullo

137 1725 271 1788 Maiorum,
281 1726 384 1775 fortuna
393 1726 450 1776 fuit.
483 1726 547 1788 Quis
557 1728 641 1776 Marte
654 1726 770 1789 secundo,

138 1807 198 1868 Quis
208 1815 308 1857 tantum
318 1809 410 1857 meruit
419 1808 568 1874 populorum
578 1809 700 1874 sanguine
710 1807 821 1857 nomen?

139 1889 210 1938 Hunc
219 1905 267 1955 ego
277 1905 323 1954 per
336 1887 423 1954 Syrtes
433 1889 578 1956 Libyaeque
589 1898 702 1939 extreme
712 1890 798 1938 trium·

231 1970 311 2035 phum
441 1996 443 2000 ·

142 2049 235 2100 Ducere
245 2051 385 2109 maluerim,
396 2066 472 2115 quam
482 2058 522 2101 ter
532 2051 657 2118 Capitolia
667 2069 743 2102 curru

144 2129 396 2198 Scundere'Pompeii‚
409 2148 484 2197 quam
494 2133 611 2201 frangere
621 2134 684 2185 colla
694 2133 840 2200 Iugurthae.

575 2220 613 2266 Ib.
626 2233 648 2266 v.
660 2221 773 2266 ter-600.

427 2454 545 2598 «re»
