2320 3590
400 432 602 477 unanimus.
824 448 853 494 91

150 527 307 577 Maerentem
319 528 459 593 abiungens
469 529 582 577 fraterna
592 535 672 576 morte
683 529 823 586 iuvencum,

150 611 236 673 Atque
249 625 325 674 opere
338 611 365 658 in
375 610 457 658 medio
468 609 551 659 defixa
562 609 681 674 relinquit
692 615 783 658 aratra.

152 692 208 740 Non
219 692 324 741 umbrae
335 691 445 740 altorum
456 707 594 753 nemorum,
601 706 651 738 non
661 690 745 739 mollia
753 699 860 755 possunt

151 772 229 822 Prata
239 789 340 822 movere
351 774 473 834 animum,
484 789 543 835 non,
552 774 597 838 qui
606 787 652 836 per
662 787 726 821 saxa
736 773 835 821 volutus

152 854 244 903 Purior
255 855 348 904 electro
359 870 473 919 eampum
485 856 549 919 petit
559 855 655 918 amnis3
673 862 700 904 at
711 855 762 902 ima

152 935 289 985 Solvuntur
295 936 384 994 latera,
391 943 467 1000 atque
473 935 557 985 oculos
567 942 655 999 stupor
663 944 754 1000 urguet
762 936 859 992 inertis,

151 1019 194 1067 Ad
204 1025 350 1082 terramque
361 1017 418 1066 fluit
429 1016 523 1065 devexo
535 1015 644 1080 pondere
654 1016 745 1064 cervix.

152 1100 220 1160 Quid
228 1099 301 1150 labor
306 1107 352 1148 aut
358 1098 488 1148 benefacta
494 1096 599 1147 iuvant?
610 1095 859 1160 quidvomereterras

152 1181 292 1229 invertisse
302 1180 408 1246 gravis?
425 1181 497 1244 atqui
506 1194 557 1226 non
566 1177 675 1227 Massica
685 1175 779 1226 Bacchi

151 1261 269 1322 Munera,
281 1278 333 1310 nou
344 1261 393 1310 illis
405 1261 493 1326 epulae
504 1275 611 1308 nocuere
622 1265 750 1321 repostae:

135 1338 140 1348 '
152 1343 293 1393 Fraudibus
303 1351 329 1391 et
340 1344 406 1391 victu
418 1349 554 1407 pascuntur
565 1339 683 1404 simplicis
693 1339 794 1400 herbae,

152 1424 247 1473 Pocula
257 1435 318 1474 sunt
329 1424 410 1472 fontes
422 1423 512 1487 liquidi
523 1429 598 1486 atque
609 1420 720 1470 exercita
730 1435 805 1468 cursu

153 1504 281 1567 Flumina,
292 1520 337 1553 nec
349 1520 448 1553 somnos
458 1503 585 1568 abrumpit
595 1517 656 1550 cura
667 1500 780 1550 salubris.

677 1602 698 1632 v.
711 1588 825 1632 515-530.

470 1703 552 1738 LXXV.

355 1795 511 1865 Georgicon.
554 1793 615 1847 Lib.
631 1793 667 1846 iv.

468 1908 546 1953 Horti.

163 1977 219 2074 ξπ
226 1979 381 2064 &Tubu
393 1998 517 2062 equidem,
528 2004 641 2046 extremo
652 1999 678 2046 ni
690 1999 740 2047 iam
751 1998 797 2047 sub
810 1998 859 2046 fine

163 2069 278 2183 (lqlf‘l-
349 2079 463 2128 laborum

162 2130 236 2219 iffi
242 2138 278 2215 dt
300 2161 368 2210 Vela
378 2162 478 2210 traham
489 2167 515 2210 et
525 2161 600 2210 terris
608 2160 723 2209 festinem
730 2161 859 2210 advertere

250 2257 363 2308 proram,

156 2324 272 2373 Forsitan
284 2331 320 2381 et,
331 2325 433 2388 pinguis
442 2323 529 2372 hortos
540 2339 605 2387 quae
616 2339 676 2371 eura
687 2322 783 2372 colendi

157 2406 274 2468 ornaret,
283 2421 407 2462 canerem,
417 2405 540 2469 biferique
551 2405 648 2454 rosaria
658 2404 752 2466 Paesti,

159 2485 263 2553 Quoque
274 2487 349 2537 modo
358 2486 425 2552 potis
434 2486 572 2551 gauderent
582 2485 661 2534 intiba
671 2487 732 2535 rivis

159 2568 192 2617 lu
202 2568 295 2617 virides
305 2569 363 2632 apio
373 2568 451 2632 ripae,
462 2573 593 2631 tortusque
604 2582 649 2631 per
659 2566 763 2615 herbam

160 2646 287 2699 cresceret
298 2650 325 2696 in
336 2655 446 2696 ventrem
458 2649 582 2712 cucumis3
599 2663 645 2696 nec
656 2663 711 2696 sera
721 2655 859 2696 comantem

162 2728 305 2779 Narcissum
317 2736 361 2778 aut
372 2728 433 2778 flexi
443 2730 575 2778 tacuissem
585 2729 667 2777 vimen
678 2728 777 2777 acanthi

160 2809 328 2876 Pallantisque
338 2810 444 2858 hederas
455 2817 481 2858 et
491 2810 597 2858 amantis
607 2808 681 2857 litora
690 2815 794 2873 myrtos.

164 2890 274 2956 Namque
285 2892 332 2941 sub
346 2891 463 2941 Oebaliae
474 2891 575 2939 memini
586 2906 626 2938 me
637 2891 750 2940 turribus
761 2889 827 2950 altis,
