2304 3590
391 359 549 403 STATIUS.
774 378 821 424 ²73

118 455 176 519 Ipse
188 470 266 506 msuu
276 454 388 520 gaudens
398 455 476 516 vehit,
488 462 514 504 et
522 471 586 520 quse
596 471 701 505 munera
711 456 793 505 mollis

120 537 208 601 Elysii,
221 536 317 586 steriles
327 552 410 585 ramos
421 545 553 601 mutusque
564 538 677 586 volueres

119 615 212 664 Porxit
221 623 248 665 et
259 616 346 666 obtuso
357 617 478 681 pollentes
489 619 601 683 germine
611 618 691 668 flores.

120 697 175 747 Nec
185 697 302 763 prohibet
312 699 452 747 meminisse
463 699 509 759 tui,
521 699 565 747 sed
575 706 678 763 pectora
689 699 795 749 blandus

121 779 212 828 Miscet
221 786 247 828 et
259 778 383 828 alternum
394 780 465 843 pueri
476 781 584 843 partitur
595 782 725 830 amorem!

154 861 205 910 Hio
216 860 274 908 finis
284 862 372 924 rapto!
397 861 465 920 Quin
477 869 505 909 tu
516 862 566 908 iam
577 861 682 910 vulnera
692 863 763 911 sedas

121 943 155 992 Et
164 942 232 991 tollis
242 957 351 990 mersum
360 941 430 989 luctu
440 941 535 1005 eaput?
548 942 631 990 omniu
641 941 726 1001 funeta

121 1024 176 1072 Aut
185 1023 307 1072 moritura
317 1023 395 1085 vides,
407 1021 499 1086 obqunt
510 1029 644 1087 noctesque
655 1022 768 1087 diesque,

121 1105 260 1170 deusque,
270 1120 315 1153 neo
326 1104 411 1153 solidis
421 1103 523 1168 prodest
534 1118 580 1151 suu
591 1103 706 1173 maehina
717 1107 799 1155 terris.

122 1186 188 1234 Nam
199 1185 312 1251 populos,
323 1185 427 1235 mortale
438 1200 526 1250 genus,
537 1184 666 1249 plebisque
677 1186 784 1235 osduose

123 1266 187 1329 Quis
205 1266 264 1316 fleat
282 1267 419 1316 interitus?
451 1267 504 1315 Hos
522 1265 595 1328 bella,
617 1266 662 1315 hos
681 1283 791 1332 aequora

218 1355 333 1414 poscunt,
366 1372 369 1378 ·

123 1429 171 1478 His
181 1445 252 1479 amor
261 1430 349 1491 exitio,
359 1428 430 1477 furor
440 1429 480 1478 his
491 1437 517 1478 et
527 1444 601 1478 sueva
611 1429 714 1493 eupid03

126 1509 161 1560 Ut
171 1511 258 1560 sileam
269 1511 383 1560 morbos:
400 1510 446 1559 bos
457 1525 502 1559 ora
512 1512 622 1575 rigentia
631 1509 750 1577 Brumae,

124 1594 182 1643 Illos
193 1593 317 1658 inplacido
328 1593 409 1642 letalis
420 1591 502 1642 Sirius
512 1594 574 1659 igni,

124 1676 177 1724 Hos
187 1683 272 1724 munet
282 1674 410 1723 imbrifero
420 1674 516 1739 pallens
527 1682 661 1724 autumnus
672 1675 752 1724 hiatu.

124 1756 253 1821 Quidquid
260 1756 337 1805 hebet
348 1763 425 1815 ortus,
433 1756 508 1804 finem
517 1758 596 1806 timet.
625 1756 721 1806 Ibimus
730 1772 822 1818 omnes,

124 1839 232 1888 Ibimus:
249 1840 368 1887 inmensis
378 1853 469 1886 urnam
479 1839 560 1902 quatit
570 1837 671 1887 Aeaeus
682 1837 757 1886 ulnis.

155 1921 206 1969 Ast
216 1920 266 1981 bio,
277 1935 351 1985 quem
360 1920 490 1984 gemimus,
501 1919 571 1979 felix,
582 1919 742 1983 hominesque
753 1919 821 1967 deos·

223 2016 272 2066 que

126 2081 158 2132 Et
167 2082 257 2131 dubios
267 2096 340 2130 casus
352 2089 377 2130 et
387 2097 474 2130 caecae
484 2081 581 2130 lubrico
591 2083 657 2130 vitae

127 2163 230 2230 Effugit,
240 2165 349 2213 inmunis
360 2163 413 2212 fati.
449 2163 506 2212 Non
516 2163 557 2212 ille
568 2165 675 2229 rogavit,

126 2244 183 2295 Non
194 2245 278 2295 timuit
288 2246 409 2293 meruitve
420 2246 492 2293 mori.
526 2244 580 2294 Nos
592 2245 668 2292 unxia
677 2244 768 2308 plebes,

126 2324 177 2375 Nos
188 2327 284 2389 miseri,
295 2326 385 2390 quibus
397 2325 463 2374 unde
475 2325 528 2374 dies
540 2340 664 2389 supreme,
676 2325 732 2389 quis
743 2326 798 2373 sevi

125 2406 225 2464 Exitus,
236 2408 367 2469 incertum,
380 2407 471 2471 quibus
482 2409 557 2456 instet
566 2406 661 2455 fulmen
671 2406 703 2454 ab
715 2408 797 2468 astris,

127 2485 196 2546 Quae
207 2488 286 2537 nubes
295 2488 371 2537 fatale
381 2496 477 2538 sonent.
512 2488 556 2536 Nil
566 2488 673 2538 flecteris
685 2488 759 2554 istis?

126 2567 176 2616 Sed
185 2568 284 2619 flectere
293 2569 380 2618 libens.
414 2569 485 2619 Ades
496 2569 545 2619 huo
555 2571 660 2618 emissus
670 2569 703 2618 ab
714 2568 769 2618 atro

53 2694 61 2701 .
126 2648 226 2711 Limite,
236 2652 277 2699 cui
288 2650 334 2699 soli
344 2658 432 2699 cuncta
445 2652 569 2714 inpetrare
580 2650 694 2713 facultas,

128 2728 248 2796 Glaucia,
265 2746 325 2779 nem
335 2732 445 2780 insontes
456 2731 552 2779 unimus
564 2746 609 2779 neo
619 2733 725 2796 portitor
735 2739 802 2780 sreet

128 2809 181 2860 Nec
191 2811 260 2861 dirae
272 2827 354 2861 eomes
365 2811 407 2860 ille
418 2812 493 2869 ferse.
528 2811 568 2865 Tu
578 2820 680 2877 pectora
690 2812 778 2872 muloe,

475 2908 491 2941 r
