2310 3592
383 400 560 447 LUCANUS.
784 414 830 468 ²⁶3

124 491 181 541 Sive
192 493 290 562 aliquid
299 497 398 558 magnis
408 498 489 548 nostri
499 514 598 562 quoque
609 514 669 548 euro
679 497 772 549 loboris

103 627 110 643 ·
122 572 273 623 Nominibus
284 577 401 640 prodesse
412 586 503 643 potest,
516 596 572 627 cum
581 580 646 628 bello
656 580 780 646 legentur,

123 652 236 719 Spesque
247 664 377 722 metusque
389 660 470 718 simui,
481 662 643 725 perituraque
653 669 710 711 voto
721 677 801 711 move·

222 737 285 786 bunt
295 758 301 787 :
769 755 772 760 ’

123 815 292 882 Adtonitique
303 835 388 870 omnes
399 821 475 870 veluti
486 824 612 873 venientia
622 824 674 872 feta

123 894 181 945 Non
192 902 339 950 transmissa
349 901 442 968 legent,
450 910 476 951 et
486 903 568 952 sdhuo
578 905 633 963 tibi,
640 905 743 970 Magne,
752 906 818 954 fave·

221 980 291 1030 bunt.

520 1070 572 1116 Lib.
585 1067 625 1115 vii.
638 1084 659 1117 v.
674 1074 788 1119 185-213.

399 1236 517 1273 cdxxxv.

504 1347 599 1399 Omnia
613 1347 709 1400 ademit

331 1715 471 1779 Coramque

123 1796 227 1847 Pulvere
237 1799 282 1846 vix
293 1804 372 1847 tectae
381 1805 499 1862 poterunt
509 1807 648 1848 monstrare
659 1801 753 1857 ruinae,

24 1900 27 1905 >
121 1879 283 1944 Albanosque
294 1885 379 1944 potres
390 1878 607 1944 Laurentinosque
617 1889 720 1946 penates

124 1961 175 2010 Rus
184 1977 300 2023 vaenum,
312 1960 379 2025 quod
389 1975 438 2009 non
448 1961 553 2019 habitet,
565 1963 613 2011 nisi
624 1969 696 2012 noete
707 1967 799 2019 coneto,

124 2041 227 2101 Invitus,
238 2049 391 2106 questusque
403 2042 512 2092 Numam
524 2045 633 2099 iussisse,
644 2051 750 2092 senator.

123 2123 179 2173 Non
190 2131 260 2173 uetes
270 2123 332 2173 hoec
343 2125 436 2189 carpsit
445 2124 519 2186 edax,
530 2127 730 2189 monimentaque
741 2139 825 2173 rernm

123 2204 212 2256 Putris
223 2206 352 2255 destituite
369 2207 464 2255 crimen
474 2206 546 2256 civile
558 2208 678 2266 videmmr,

125 2289 172 2338 Tot
183 2305 274 2339 vsouss
284 2289 367 2337 urbes.
402 2287 510 2338 Generis
522 2305 572 2353 quo
585 2290 660 2338 turbs
671 2288 773 2339 reduots
783 2297 819 2339 est

128 2368 258 2419 Humani?
292 2369 358 2418 Toto
369 2369 456 2434 populi
468 2370 512 2433 qui
522 2371 649 2419 noscimur
660 2371 731 2433 orbe,

124 2451 175 2502 Neo
184 2467 272 2501 muros
281 2450 386 2516 implere
397 2452 466 2509 viris,
476 2466 523 2500 neo
534 2467 666 2515 possumus
678 2466 758 2516 egros.

124 2534 189 2585 Urbs
200 2550 246 2584 nos
256 2549 308 2583 une
317 2534 385 2597 oepit
396 2552 402 2583 :
419 2534 502 2581 vineto
513 2533 607 2582 fossore
618 2531 735 2582 coluntur

124 2614 258 2682 Hesperiae
270 2622 366 2681 segetes
378 2633 384 2664 :
401 2620 452 2663 stet
461 2615 534 2663 tectis
545 2615 627 2679 putris
637 2615 710 2662 avitis

122 2695 151 2745 In
160 2697 240 2748 nullos
249 2698 349 2747 ruituro
359 2695 446 2745 domus
457 2712 462 2745 :
479 2694 596 2759 nulloque
607 2695 762 2758 frequentem

124 2777 182 2828 Cive
192 2795 238 2829 suo
249 2778 357 2827 Romam
368 2776 412 2826 sed
422 2776 509 2825 mundi
519 2776 587 2825 faece
598 2776 729 2840 repletam,

125 2856 205 2909 eladis
215 2874 245 2909 eo
257 2857 380 2919 dedimus,
391 2872 422 2905 ne
433 2862 503 2906 tsnto
513 2857 540 2904 in
550 2871 653 2921 oorpore
663 2855 757 2905 bellum
