2320 3590
364 384 568 434 uunomws,
776 400 820 444 ,29

116 480 155 529 At
165 479 244 528 Nisus
255 481 308 528 ruit
318 480 345 528 in
356 479 459 537 medios,
471 479 599 542 solumque
611 494 655 543 per
666 480 745 527 omnis

116 560 279 610 Volseentem
290 561 369 625 petit3
388 561 414 609 in
425 560 478 609 solu
488 561 624 610 Volscente
635 568 757 609 moratur.

117 640 198 701 Quem
205 643 300 690 circum
307 642 440 707 glomerati
446 642 529 691 hostes
536 642 593 690 bine
601 643 737 690 comminus
746 649 821 707 atque

214 723 274 772 hine

116 803 284 853 Proturbant.
318 803 402 851 Instat
413 818 463 851 non
475 804 560 861 setius,
575 820 604 852 ue
615 810 682 852 rotat
694 820 778 853 ensem

115 884 282 944 Fulmineum,
294 884 371 933 donee
383 883 471 932 Rutuli
482 883 612 933 clamantis
623 887 648 933 in
660 900 703 934 ore

116 965 235 1015 Condidit
245 965 359 1026 adverso,
371 972 396 1014 et
407 966 514 1013 moriens
523 966 630 1014 animum
639 965 741 1016 abstulit
747 967 820 1016 hosti.

117 1045 183 1094 Tum
195 1062 271 1111 super
281 1047 425 1094 exanimum
437 1061 491 1094 sese
503 1047 607 1109 proiecit
618 1048 724 1095 amicum

117 1126 262 1187 confossus,
272 1126 419 1192 placideque
429 1127 464 1175 ibi
474 1128 573 1175 demum
583 1136 664 1176 morte
676 1129 778 1192 quievit.

149 1208 284 1258 Fortunati
295 1209 382 1257 umbe!
399 1209 421 1256 si
432 1209 492 1272 quid
502 1224 558 1257 mea
567 1211 677 1257 eurminu
688 1219 802 1275 possunt,

117 1289 194 1338 Nulla
204 1289 258 1339 dies
269 1305 389 1353 umquem
400 1290 504 1338 memori
513 1305 557 1338 vos
569 1291 661 1341 eximet
672 1307 742 1353 aevo,

117 1371 185 1420 Dum
196 1371 284 1420 domus
295 1371 398 1419 Aeneae
410 1369 517 1435 Capitoli
528 1371 643 1420 inmobile
654 1387 743 1421 saxum

119 1451 230 1510 Accolet,
240 1453 415 1517 inperiumque
425 1460 498 1516 pater
509 1452 637 1501 Romanus
646 1453 756 1503 habebit.

536 1551 558 1583 ν.
573 1536 815 1591 176·206‚³81·449.

424 1776 507 1812 xcvn.

150 1881 195 1938 τῆς
206 1877 227 1929 δ’
238 1879 354 1944 ἐλελίχθη
367 1883 435 1943 γυῖα,
444 1880 523 1944 χαμαὶ
534 1878 558 1929 δὲ
571 1878 593 1927 oi
605 1878 690 1927 ἔκπεσε
703 1876 789 1941 κερκίς.

133 2003 175 2134 ui

146 2087 167 2128 fi

185 2004 235 2111 {fl
243 2017 269 2067 N
271 2017 390 2066 TEREA
401 2017 517 2082 pavidam
532 2015 638 2064 volitans
652 1996 767 2079 pennata'
777 2029 822 2078 Per

129 2063 238 2198 titud

129 2183 236 2236 tegent
259 2179 357 2230 Nuntia
375 2180 454 2228 Fame
468 2179 528 2234 ruit,
543 2180 679 2241 matrisque
698 2176 823 2226 adlabitur

122 2343 232 2409 Euryali.
269 2343 307 2391 At
319 2341 416 2390 subitus
427 2340 532 2389 miserae
540 2339 606 2388 calor
616 2354 673 2387 osse
681 2338 796 2402 reliquit3

120 2423 224 2474 Excussi
236 2424 352 2473 munibus
359 2423 432 2483 radii,
440 2420 601 2485 revolutaque
612 2436 695 2485 pensa.

120 2504 205 2555 Evolat
217 2506 313 2567 infelix,
324 2511 350 2553 et
361 2503 466 2552 femineo
476 2501 582 2564 ululatu,

122 2584 199 2637 Scissa
209 2602 314 2645 comum,
325 2600 409 2633 muros
418 2599 502 2633 amens
514 2590 588 2646 atque
600 2583 700 2647 agmina
708 2596 782 2630 eursu

122 2666 203 2718 ana
212 2669 283 2733 petit,
294 2681 345 2715 non
355 2665 399 2714 illa
409 2666 497 2720 virium,
509 2679 558 2712 non
570 2663 614 2712 illa
623 2661 709 2727 pericli

122 2748 284 2814 Telornmque
310 2761 424 2811 mem0r3
456 2744 552 2796 ceolum
577 2744 666 2793 dehine
691 2742 820 2807 questibus

215 2830 318 2896 implet:

458 2923 479 2957 n
