2310 3592
400 386 558 429 OVIDIUS.

316 643 345 692 P.
367 640 518 693 OVIDIUS
539 639 641 691 NASO.

435 800 526 835 cmx.

316 908 523 979 Hypermestra
539 907 652 977 Lynceo.

134 1253 151 1259 ..
324 1213 724 1284 tera,nuptarumerimine,turba
735 1213 806 1261 iaaet.

135 1296 227 1346 Clausa
238 1294 312 1343 domo
323 1303 408 1343 teneor
418 1294 585 1360 gravibusque
596 1296 704 1343 coercita
715 1292 813 1342 vinclis:

166 1377 212 1425 Est
222 1375 286 1423 mihi
297 1374 412 1439 supplicii
421 1391 506 1436 eausa,
519 1375 597 1424 fuisse
608 1376 683 1440 piam.

134 1458 205 1519 Quod
216 1473 307 1506 manua
317 1457 434 1506 extimuit
445 1457 532 1522 iugulo
542 1457 673 1506 demittere
683 1458 787 1519 farrum,

167 1538 229 1588 Sum
240 1554 291 1587 rea.
324 1537 462 1596 Laudaret,
472 1539 493 1586 si
504 1538 584 1587 seelus
594 1553 657 1587 ausa
667 1538 753 1588 forem.

134 1620 193 1671 Iiase
204 1636 275 1670 ream
286 1626 406 1685 praestat,
418 1635 494 1683 quam
505 1620 540 1668 sia
551 1618 672 1684 placuisse
681 1623 788 1684 paranti.

167 1701 226 1751 Non
237 1702 307 1766 piget
316 1701 431 1749 inmunes
440 1699 525 1749 caedis
535 1700 628 1749 habere
638 1716 734 1751 manua

136 1782 179 1833 Ma
189 1790 262 1848 pater
273 1784 331 1847 igne
342 1782 409 1842 lieet,
421 1797 495 1845 quem
505 1796 555 1830 non
567 1782 721 1846 violavimus,
732 1795 798 1845 urat,

168 1862 289 1927 Quaeque
300 1863 404 1911 aderant
416 1864 502 1919 saeris,
513 1863 599 1912 tendat
609 1864 636 1912 in
646 1879 691 1912 ora
702 1864 781 1915 facee:

135 1946 190 1994 Aut
200 1945 244 1995 illo
256 1944 360 2009 iugulat,
370 1960 444 2008 quem
456 1960 507 1993 non
517 1944 580 1994 bene
589 1945 694 1994 tradidit
704 1963 797 2002 ensem,

167 2024 204 2075 Ut
213 2041 264 2090 qua
274 2041 324 2074 nen
333 2024 423 2074 eeeidit
433 2025 474 2073 vir
483 2041 550 2084 neae,
562 2034 642 2091 nupta
650 2027 751 2079 cadam:

139 2106 194 2157 Nun
204 2116 298 2164 tamen,
310 2115 339 2156 ut
349 2107 433 2155 dieunt
442 2108 574 2156 morientia
584 2109 724 2172 ‘paenitet'
736 2125 788 2167 ora,

167 2189 271 2239 Efficiet
305 2188 364 2238 Non
372 2197 421 2248 est,
431 2205 507 2253 quam
517 2190 588 2254 piget
598 2205 652 2238 esse
663 2192 738 2255 piam.

139 2268 265 2321 Paeniteat
273 2269 373 2319 sceleris
384 2270 501 2318 Danaum
512 2285 648 2334 saevasque
658 2287 762 2321 sorores.

139 2350 185 2400 Hie
195 2353 257 2402 eolat
264 2359 367 2401 eventus
375 2351 443 2400 facta
451 2350 560 2400 nefanda
571 2353 649 2416 sequi.

140 2429 187 2482 Cur
197 2442 270 2497 pavet
281 2432 412 2482 admonitu
422 2441 558 2500 temegataa
570 2436 690 2499 sanguine
701 2439 788 2498 noctis,

170 2512 202 2562 Et
211 2514 308 2563 subitus
319 2513 423 2562 dextrae
432 2515 561 2579 praeinit
571 2531 628 2563 orsa
638 2523 739 2566 tremor.

143 2591 218 2653 Quam
229 2603 257 2644 tu
267 2594 343 2643 caede
354 2601 427 2658 putes
437 2595 509 2660 fungi
520 2597 631 2659 putuisse
641 2598 733 2654 mariti,

173 2672 281 2724 Scribere
292 2674 323 2724 de
333 2675 401 2724 faeta
409 2691 460 2724 nan
470 2677 518 2726 sibi
527 2676 601 2726 caede
612 2679 689 2726 timet.

144 2753 188 2804 Sed
198 2763 280 2807 tamen
290 2759 416 2822 experiar.
445 2757 520 2806 Modo
527 2758 593 2807 faeta
600 2760 745 2823 crepuscula
755 2765 838 2820 terris,

172 2836 265 2890 Ultima
275 2854 336 2905 pars
346 2838 418 2901 lueis,
428 2840 559 2903 primaque
569 2840 649 2888 noetis
659 2848 727 2890 erat:

483 2936 499 2968 ι»
