2320 3590
319 399 364 442 116
466 392 703 437 ANTHoioclA
724 395 869 440 LAPINA.

648 619 690 655 XC.

601 738 731 809 Elysium,

438 888 473 939 Is
483 890 582 940 demum
589 892 693 954 exactis,
701 891 811 957 perfecto
817 908 921 944 munere
927 894 1009 954 dirae,

455 973 583 1021 Devenere
594 972 661 1022 locos
671 973 750 1023 leetcs
760 980 786 1023 et
796 988 901 1023 amoene
915 977 1011 1026 virecta

454 1055 649 1104 Fortunatcrum
654 1070 783 1104 nemorum
790 1054 911 1120 sedesque
918 1056 1012 1109 beatas.

310 1137 417 1202 Largior
428 1136 469 1185 hie
479 1151 578 1200 campos
589 1136 677 1185 sether
687 1143 714 1186 et
723 1136 817 1185 lumine
827 1139 904 1187 vestit

312 1217 451 1282 Purpureo,
458 1217 584 1281 solemque
595 1233 677 1280 suum,
689 1233 735 1267 suc
745 1217 828 1268 sidera
839 1227 942 1271 norunt.

307 1299 410 1349 Persiu
421 1299 556 1365 gramineis
567 1306 686 1349 exercent
696 1300 809 1364 membre,
818 1301 960 1365 palaestris,

307 1381 468 1431 Contendunt
478 1381 538 1430 lude
549 1389 576 1430 et
586 1381 656 1430 fulve,
667 1381 794 1431 luctantur
805 1397 883 1432 urens
893 1403 901 1448 3

306 1462 370 1512 Pars
380 1462 486 1527 pedibus
495 1461 618 1526 plaudunt
628 1462 732 1511 choreus
743 1469 769 1511 et
779 1464 891 1513 carmine
901 1464 994 1515 dicunt.

306 1543 359 1593 Nec
371 1559 421 1593 non
432 1543 562 1593 Threicius
572 1544 714 1609 longatum
723 1550 792 1594 veste
803 1545 917 1594 sacerdos

305 1624 455 1690 Obloquitur
465 1626 576 1674 numeris
586 1632 682 1690 septem
691 1626 835 1675 discrimine
844 1641 942 1690 vocum,

303 1705 406 1769 Iamque
416 1705 503 1763 eedem
513 1705 608 1772 digitis,
620 1707 670 1755 iem
680 1707 778 1772 pectine
788 1706 874 1771 pulsat
883 1708 987 1758 eburno.

303 1787 353 1836 Hie
364 1803 443 1852 genus
453 1788 585 1852 antiquum
595 1786 697 1850 Teucri,
706 1787 875 1852 pulcherrime
884 1790 974 1854 proles,

303 1870 460 1935 Magnanimi
468 1870 566 1932 herces,
576 1871 630 1920 neti
640 1870 784 1919 melioribus
794 1871 876 1933 anuis,

303 1951 407 2015 Ilusque
416 1951 607 2016 Assaracusque
616 1958 642 2000 et
653 1951 744 2000 Troice
757 1951 893 2002 Der-denus
903 1961 996 2003 auctor.

301 2032 384 2081 Arme
395 2033 481 2098 procul
491 2049 629 2097 currusque
639 2034 720 2082 virum
732 2035 838 2083 miratur
848 2035 938 2084 inanis.

300 2113 376 2164 Stent
386 2121 454 2163 terre
464 2114 562 2164 defixae
572 2115 667 2177 hastae,
678 2116 821 2180 pessimque
832 2116 907 2166 soluti

299 2195 349 2245 Per
359 2211 474 2260 campum
484 2203 621 2260 pascuntur
630 2197 697 2261 equi
725 2195 797 2256 Quae
808 2199 891 2262 gratia
900 2197 1000 2248 currum

299 2278 486 2341 Armorumque
497 2276 546 2326 fuit
556 2277 629 2337 vivis,
639 2292 703 2341 quse
713 2293 775 2327 cure
785 2279 889 2328 nitentis

296 2359 403 2408 Pascere
414 2374 499 2423 equos,
510 2357 596 2407 eedem
608 2359 721 2423 sequitur
732 2358 821 2409 tellure
831 2368 952 2424 repostos.

295 2437 432 2502 Conspicit,
443 2451 508 2493 eece,
520 2435 582 2485 alios
592 2436 683 2486 dextra
694 2436 815 2502 lsechue
825 2452 872 2502 per
883 2437 986 2487 herbum

296 2519 428 2568 Vescentis
439 2518 581 2582 laetumque
591 2517 668 2567 ehcrc
678 2516 781 2567 Paeana
789 2519 902 2569 canentis

295 2601 365 2650 Inter
375 2600 506 2650 odoratum
516 2599 582 2649 leuri
592 2616 688 2662 nemus,
700 2600 766 2650 uude
777 2616 884 2666 superne

293 2680 422 2729 Plurimus
433 2679 538 2728 Eridani
548 2695 594 2744 per
605 2679 694 2728 silrsm
704 2679 814 2729 volvitur
824 2681 913 2731 amnis.

292 2762 342 2811 Hic
353 2776 442 2809 manus
452 2760 485 2809 ob
494 2762 602 2825 patrium
612 2760 747 2826 pugnando
757 2760 859 2810 volnera
870 2762 947 2826 pessi,

292 2842 391 2906 Quique
402 2841 546 2891 secerdotes
556 2842 628 2903 casti,
641 2841 701 2891 dum
711 2842 763 2891 rite
772 2842 898 2904 manebat,
