2310 3592
326 420 369 467 174
471 402 705 447 ANTHOLOGIA
728 403 875 446 LATJNA.

314 499 321 525 ‘
335 497 415 546 Nemo
425 497 553 548 dexterius
563 501 663 548 fortuna
673 507 713 549 est
723 515 790 548 usus.
823 499 940 550 Hebetes

318 578 439 645 Magnum
451 581 601 643 adiutorem,
612 589 696 646 posset
707 582 751 645 qul
762 581 829 630 ferre
840 583 969 642 secundas,

318 659 392 709 Hunc
403 661 526 710 hominem
538 662 613 711 velles
624 664 645 711 si
657 662 762 711 tradere.
797 662 957 729 Dispereum,
969 665 995 713 ni

317 739 471 790 Summcsses
482 742 581 791 omnis.’
614 745 621 769 ‘
633 741 690 790 Non
700 743 750 790 isto
760 743 867 791 vivimus
878 742 930 792 illic

316 821 373 881 Quo
384 831 412 870 tu
423 837 487 884 rere,
498 823 584 873 modos
601 823 688 872 domus
699 823 746 871 hac
756 839 801 871 nec
812 826 902 888 purior
914 825 964 874 ulls
973 833 1010 874 est

316 902 369 952 Nec
378 904 505 969 magishis
514 904 691 969 alienamulis3
708 904 886 954 nilmiofficit’
898 907 1006 971 inquam,

316 984 417 1033 ‘Dirior
427 984 468 1034 hic
479 994 524 1034 aut
534 993 572 1034 est
582 986 642 1049 quia
654 986 765 1050 docti0r3
782 993 822 1035 est
832 985 903 1036 locus
913 989 958 1036 uni

317 1066 414 1132 Cuique
431 1069 511 1116 suus)
551 1067 691 1133 ‘Magnum
708 1082 806 1125 marrus,
823 1069 867 1117 vix
883 1068 1015 1118 credibile!

412 1149 511 1214 ‘Atqui

257 1225 261 1233 '
315 1230 358 1279 Sic
368 1229 460 1279 hubeu'
491 1230 825 1295 Accendis‚qusrecuplam
835 1232 964 1298 maglsllli

314 1312 448 1361 Proximus
460 1314 529 1362 esse?
569 1311 659 1360 ‘Velis
669 1314 856 1365 untummodoz
873 1330 939 1380 quse
950 1323 992 1364 tus

412 1391 501 1451 virtus,

314 1467 495 1531 Expugnabis3
514 1474 539 1515 el
550 1467 643 1530 estqui
655 1467 720 1514 vinci
731 1468 820 1531 possit,
831 1483 912 1533 eoque

313 1548 428 1597 Difficilis
446 1547 530 1597 editus
548 1548 642 1612 primus
662 1546 756 1596 habet)
796 1548 894 1598 ‘Haud
913 1549 975 1599 mihi

315 1680 317 1684 ,
410 1626 500 1675 deeror

314 1709 463 1756 MunerIbus
475 1723 559 1756 servos
570 1722 742 1771 corrumpum3
759 1723 818 1770 non,
828 1708 902 1758 hodie
915 1711 936 1759 si

313 1789 437 1838 Exclusus
447 1789 527 1844 fuero,
538 1788 656 1836 desistam
666 1807 673 1852 3
692 1799 804 1854 tempora
815 1806 935 1854 quaeram
947 1811 954 1857 5

313 1872 449 1920 Occurram
460 1870 487 1918 in
497 1870 579 1918 triviis
589 1888 596 1933 3
615 1868 746 1917 deducam.
771 1869 816 1919 Nil
826 1872 879 1920 sine
891 1888 980 1938 magno

312 1953 375 2002 Vita
393 1951 477 2002 labore
494 1950 563 2000 dedit
582 1951 745 2001 mortalibus⁷
776 1952 847 2002 Haec
864 1954 924 2003 dum
941 1955 1001 2020 ugit,

409 2050 465 2083 ecce

311 2117 408 2166 Fuscus
418 2116 530 2163 Aristius
541 2115 658 2171 occurrit,
670 2114 731 2163 mihi
741 2130 815 2164 carus
827 2122 854 2165 et
865 2115 936 2165 illum

310 2198 361 2259 Qui
372 2198 474 2263 pulchre
484 2202 575 2249 nosset.
609 2194 782 2245 Cous-issimus.
816 2194 907 2246 ‘Unde
917 2197 1012 2246 venisl'

410 2286 436 2328 et

308 2362 385 2423 ‘Quo
396 2359 478 2409 tendis
487 2359 512 2407 l’
529 2365 602 2424 roget
610 2365 636 2407 et
642 2358 780 2424 respondet.
814 2359 915 2408 Vellere
924 2359 1000 2425 coepi,

309 2445 343 2494 Ec
354 2457 471 2508 prensare
481 2456 558 2490 msnu
569 2440 707 2490 lentissima
717 2440 843 2503 bracchia,
853 2449 953 2504 nutans,

308 2528 474 2588 Distcrquens
485 2521 577 2579 oculos,
588 2530 617 2569 ut
628 2536 667 2569 me
678 2521 794 2586 eriperet.
829 2519 899 2569 Male
911 2520 988 2570 salsus

309 2607 403 2656 Ridens
412 2603 585 2667 dissimulem
603 2618 685 2651 meum
697 2604 765 2651 iecur
776 2617 848 2651 urere
858 2601 925 2653 bilis

306 2688 398 2738 ‘Certe
409 2686 490 2734 nescio
500 2683 561 2748 quid
573 2690 667 2732 secreto
678 2683 739 2732 velle
750 2683 819 2749 loqui
830 2691 855 2732 te

306 2770 402 2820 Aiebas
413 2767 526 2816 mecum!
559 2772 567 2794 ⁴
580 2764 685 2813 Memini
697 2765 768 2828 bene,
781 2764 824 2813 sed
833 2763 931 2813 meliori

305 2850 427 2914 Tempore
439 2848 534 2895 dicum:
553 2846 626 2896 hodie
638 2847 763 2896 tricesima
775 2846 892 2897 sabbata:
910 2847 954 2896 vin
964 2853 992 2894 tu
