2320 3590
393 433 596 477 Vacemus.
804 447 846 492 ¹07

141 528 198 578 Non
208 536 295 579 tamen
307 527 440 585 abstinuit,
451 543 499 578 nec
509 528 565 577 voci
576 528 679 592 iraeque
690 525 815 593 pepercitz

141 611 179 659 At
187 610 234 660 tibi
244 625 292 675 pro
303 609 408 671 scelere,
418 609 551 664 exclamat.
561 624 608 674 pro
619 608 711 658 talibus
722 607 798 668 aneis,

141 691 184 748 Di,
194 692 216 740 si
227 707 279 756 qua
290 697 330 740 eet
339 691 408 740 caelo
418 692 507 757 pietus,
518 706 582 756 quae
593 689 654 739 talia
664 696 744 751 curet,

142 770 291 822 Pei-solvant
301 779 388 836 grates
399 772 489 839 dignos
499 779 525 821 et
535 772 648 838 praemia
658 769 764 821 reddant
777 774 783 835 ,ἓ

142 853 244 911 Debita,
255 855 300 919 qui
310 853 366 903 uati
376 869 461 903 coram
472 869 512 903 me
522 867 625 903 cernere
635 852 713 902 letum

141 934 233 985 Fecisti
244 942 271 985 et
281 935 379 1000 patrios
390 935 496 985 foedasti
506 935 594 986 funere
604 933 693 984 voltus.

141 1016 180 1064 At
189 1032 241 1066 non
250 1016 303 1078 ille,
314 1023 396 1066 satum
408 1033 457 1082 quo
468 1024 494 1066 te
504 1016 627 1075 mentitio,
638 1015 750 1065 Achilles

141 1094 210 1146 Talis
222 1099 250 1147 iu
260 1097 333 1148 hoste
344 1098 393 1148 luit
403 1099 520 1164 Priamo3
537 1097 580 1148 aed
592 1098 648 1146 iura
659 1096 783 1162 fidemque

125 1208 130 1213 -
143 1176 268 1243 Supplicia
280 1179 390 1240 erubuit,
401 1194 542 1245 corpusque
553 1193 681 1244 exsangue
691 1178 820 1243 sepulchro

143 1259 262 1310 Reddidit
274 1261 436 1326 Hectoreum,
447 1276 537 1326 meque
547 1262 574 1311 in
584 1275 641 1310 mea
651 1276 731 1326 regna
742 1261 846 1311 remisit.

144 1338 184 1390 Sic
194 1340 264 1391 fatus
274 1343 367 1405 senior,
378 1342 506 1408 telumque
516 1341 607 1392 inbelle
618 1342 671 1391 eine
680 1343 732 1390 ictu

138 1421 265 1480 coniecit,
277 1437 354 1472 rauco
367 1422 434 1488 quod
444 1425 559 1489 protinus
570 1439 627 1473 aare
637 1423 764 1488 repulsum

144 1500 177 1550 ni
188 1518 287 1551 summo
297 1502 371 1568 clipei
381 1504 534 1569 nequiquam
544 1503 652 1553 umbone
662 1503 790 1569 pependit.

142 1581 189 1631 Cui
199 1583 334 1647 Pyrrhus:
351 1584 455 1634 Referes
465 1600 527 1650 ergo
537 1585 599 1634 haec
609 1593 634 1635 et
644 1585 748 1634 nuntius
759 1584 806 1633 ibis

142 1662 243 1714 Pelidae
253 1665 378 1731 genitorn
395 1666 432 1715 illi
443 1682 499 1716 meo
509 1667 593 1716 tristia
603 1667 670 1716 lacta

142 1745 349 1812 Degeneremque
361 1747 554 1814 Neoptolemum
565 1763 669 1798 nauare
679 1754 811 1796 memento.

142 1826 327 1879 Nuncmorere.
350 1828 845 1894 Hoediceusaltariaadipsatrementem

141 1906 234 1959 Traxit
244 1918 271 1960 et
282 1910 309 1959 iu
319 1909 399 1960 multo
408 1911 549 1976 lapsantem
559 1911 680 1976 sanguiue
691 1911 753 1972 nati,

141 1986 311 2054 Inplicuitque
321 2004 417 2038 comam
427 1989 507 2051 laeva,
518 1989 656 2054 dextraque
667 2004 797 2039 coruscum

141 2069 240 2120 Extulit
250 2085 281 2120 ac
292 2069 365 2120 lateri
376 2071 465 2136 capulo
476 2078 549 2120 tenua
560 2071 656 2120 abdidit
666 2086 759 2120 ensem.

141 2149 210 2200 Haec
220 2151 281 2200 linis
293 2150 389 2201 Priami
399 2152 509 2201 latorum
518 2171 526 2218 3
542 2152 583 2202 hic
593 2155 677 2202 exitus
687 2152 758 2202 illum

142 2231 214 2282 Sorte
224 2233 294 2295 tulit,
306 2233 409 2283 Troiam
420 2234 546 2283 iucensam
558 2243 583 2284 et
593 2234 709 2300 prolapsa
716 2234 841 2284 videntem

141 2314 275 2381 Pergama,
287 2321 325 2365 tot
337 2314 462 2380 quondam
473 2314 571 2380 populis
582 2316 703 2381 terrisque
711 2316 846 2381 superbum

141 2396 311 2463 Regnatorem
321 2397 408 2446 Asiae.
442 2396 512 2446 Iacet
522 2397 610 2462 ingene
618 2397 691 2447 litore
701 2405 814 2455 truncus,

142 2484 313 2549 Aeoliamque
324 2483 436 2532 humeris
445 2490 529 2548 caput,
541 2490 565 2533 et
575 2484 629 2533 sine
639 2484 739 2533 nomine
746 2497 843 2546 corpus.

685 2583 716 2616 u.
727 2571 846 2618 453-558·

437 2746 555 2821 ‘iffi'
