2360 3598
326 381 357 436 3⁸
468 373 698 416 surnonoers
718 374 861 417 narrum

326 463 437 513 Confecti
447 463 573 529 languent,
584 464 670 513 eadem
681 472 763 512 tamen
771 467 854 513 omnia
864 472 967 528 restant,

326 544 415 592 Omnia
425 545 447 593 si
456 559 547 609 pergas
557 544 661 593 vivendo
672 546 771 594 vincere
780 545 867 606 saecla,
911 519 930 552 ⁰

326 622 412 685 Atque
422 623 496 672 etiam
506 623 596 687 potius,
607 624 628 672 si
638 638 773 687 numquam
784 625 818 672 sis
828 625 979 686 moriturus,’

326 701 392 761 Quid
403 702 586 766 respondemus,
598 704 646 752 nisi
656 704 747 752 iustam
757 705 883 752 intendere
892 704 960 752 litem

326 780 448 831 Naturam
458 790 483 831 et
493 795 578 830 veram
590 782 672 830 verbis
683 797 805 846 exponere
815 783 934 831 causam?

326 861 450 911 Grandior
459 861 499 910 hic
509 876 569 909 vero
580 862 600 909 si
611 862 671 921 iam,
683 862 813 924 seniorque
824 871 942 924 queratur

326 944 411 1005 Atque
422 942 517 990 obitum
527 941 675 990 lamentetur
685 942 760 988 miser
771 941 876 1006 amplius
885 956 974 1004 aequo,

326 1021 383 1069 Non
393 1023 482 1069 merito
492 1019 607 1068 inclamet
617 1021 697 1085 magis
707 1027 732 1068 at
741 1034 800 1068 voce
809 1021 917 1084 increpet
927 1021 999 1069 acri?

325 1103 333 1128 ‘
344 1100 425 1149 Aufer
438 1100 528 1148 abhinc
539 1100 664 1160 lacrimas,
674 1100 779 1166 halapre,
787 1107 813 1148 et
823 1115 948 1164 compesce
957 1116 1016 1164 que·

419 1180 497 1229 rellas.

325 1261 415 1309 Omnia
424 1261 568 1324 perfunctus
578 1260 640 1308 vitai
650 1261 762 1323 praemia
773 1273 875 1307 marces.

325 1339 373 1387 Sed
381 1341 440 1404 quia
448 1355 544 1404 semper
550 1354 607 1388 ares
614 1337 680 1402 quod
687 1339 909 1402 abest‚praesentia
917 1340 1016 1399 temnis,

324 1420 464 1484 Inperfecta
473 1419 520 1468 tibi
530 1419 637 1483 elapsast
647 1419 796 1483 ingrataque
807 1419 867 1480 vita,

324 1499 358 1548 Et
368 1515 413 1548 nec
423 1500 533 1562 opinanti
543 1513 610 1547 mors
621 1497 654 1546 ad
664 1506 741 1563 caput
751 1498 846 1546 adstitit
856 1505 913 1546 ante

324 1580 404 1639 Quam
416 1589 523 1629 saturae
534 1580 620 1645 plenus
630 1580 712 1642 possis
722 1577 846 1627 discedere
857 1593 949 1626 rerum.

325 1660 397 1709 Nunc
408 1662 489 1709 aliena
501 1668 545 1709 tua
557 1666 640 1708 tamen
650 1665 731 1706 aetate
742 1659 823 1706 emnia
832 1658 903 1706 mitte
919 1650 1045 1753 cmm

323 1742 412 1804 Aequo
429 1743 556 1804 animoque
572 1733 678 1804 agedum
693 1752 764 1803 mage
779 1739 814 1786 sis
828 1737 950 1786 concede:

418 1823 554 1870 necessest'
716 1808 723 1823 ’

323 1900 389 1961 Iure,
400 1908 428 1949 ut
438 1902 533 1964 opinor,
544 1906 611 1965 agat,
624 1900 677 1947 iure
687 1899 798 1961 increpet
808 1898 955 1966 incfletque3

291 2013 297 2018 .
323 1977 395 2025 Cedit
404 1981 470 2026 enim
480 1994 564 2027 rerum
574 1978 684 2028 novitate
694 1984 797 2026 extrusa
807 1984 917 2026 vetustas

324 2056 434 2122 Semper,
443 2067 469 2107 et
480 2074 513 2107 ex
523 2059 578 2107 aliis
588 2058 656 2107 aliud
666 2072 782 2121 reparare
792 2065 921 2106 necessest.

323 2135 376 2185 Nec
393 2140 525 2202 quisquam
543 2140 569 2187 in
583 2137 728 2187 barathrum
742 2153 788 2186 nec
798 2137 904 2186 Tartara
914 2137 1016 2187 deditur

417 2226 472 2266 atra
480 2239 486 2268 ι

322 2295 440 2346 Materies
451 2315 513 2363 opus
522 2307 561 2349 est
570 2307 599 2348 nt
609 2304 719 2347 crescant
728 2306 827 2361 postera
838 2297 932 2361 saecla3

322 2371 391 2430 Quae
402 2385 485 2426 tamen
497 2380 580 2428 omnia
590 2385 615 2427 te
625 2379 677 2426 vita
688 2377 819 2441 perfuncta
829 2385 978 2441 sequentur;

323 2449 374 2500 Nec
384 2457 466 2505 minus
476 2473 536 2522 ergo
548 2465 605 2507 ante
615 2458 677 2506 haec
687 2472 763 2520 qaam
774 2466 803 2507 tu
813 2456 930 2514 cecidere,
940 2474 980 2506 ca·

416 2536 533 2600 dentque.

322 2605 363 2656 Sic
372 2612 422 2661 alid
432 2630 465 2662 ex
476 2617 525 2667 alio
535 2632 670 2682 numquam
682 2616 786 2666 desistet
796 2616 857 2665 oriri

320 2682 430 2751 Vitsque
440 2698 564 2761 mancipio
574 2697 637 2746 nulli
648 2697 731 2757 datur,
740 2694 853 2744 omnibus
864 2710 918 2763 aqu.

535 2762 549 2781 ⁸
861 2776 1012 2825 carceri.
