2320 3590
478 429 711 473 Anrnouoers
738 403 883 476 4ιΑΤιΝΑ.

648 604 723 642 cvm.

488 707 535 762 Ad
549 710 581 764 0.
594 710 713 765 Asinium
726 713 875 767 Pollionem.

341 830 455 924 pff*
464 833 565 884 OTUM
577 850 610 883 ex
622 835 724 885 Metello
735 837 835 886 consule
845 838 944 887 civicum

341 879 361 993 a!
374 928 379 954 ἰ’
395 904 398 919 '
411 909 439 977 ἦέ
479 916 592 982 Bellique
603 932 691 966 causas
701 927 727 967 et
735 919 797 967 vitia
807 926 833 968 et
843 918 924 967 modos

343 995 345 1004 ⁸
360 997 381 1055 ζ
412 983 422 1000 s
510 998 658 1063 Ludumque
670 999 797 1048 Fortunae
808 1000 937 1065 granaque

456 1078 601 1144 Principum
612 1081 733 1129 amicitias
743 1089 769 1129 et
779 1096 850 1130 arma

393 1160 510 1209 Nondum
521 1162 628 1225 expiatis
637 1170 712 1211 uncta
722 1161 860 1225 cruoribus,

391 1240 547 1290 Periculosae
558 1241 658 1305 plenum
669 1258 731 1307 opus
742 1241 818 1305 aleae,

423 1322 527 1372 Tractus
537 1331 563 1372 et
573 1323 665 1372 incedis
676 1340 721 1387 per
731 1325 802 1389 ignes

457 1403 602 1469 Suppositos
612 1405 689 1453 cineri
700 1405 790 1454 doloso.

390 1485 495 1534 Paulum
508 1500 607 1534 severae
617 1485 693 1534 Musa
704 1486 846 1551 tragoediae

389 1566 461 1615 Desit
472 1566 577 1615 theatris
587 1584 594 1612 z
610 1582 668 1615 mox
681 1566 723 1615 ubi
734 1567 845 1631 publicas

422 1647 472 1696 Res
483 1647 615 1706 ordinaris,
627 1648 721 1712 grande
732 1663 821 1697 munus

452 1727 571 1792 Cecropio
581 1737 678 1793 repetes
689 1729 819 1790 cethuma,

387 1811 488 1876 Insigne
499 1811 599 1859 maestis
610 1809 760 1874 praesidium
772 1811 821 1858 reis
891 1846 894 1853 .

386 1892 420 1941 Et
430 1891 575 1947 consulenti,
586 1889 674 1949 Pollio,
685 1893 778 1951 curiae,

418 1972 466 2022 Cui
476 1972 562 2021 laurus
572 1979 686 2021 aeternos
696 1972 801 2022 honores

450 2053 588 2102 Delmatico
598 2055 695 2118 peperit
705 2054 839 2117 triumpho.

384 2138 437 2185 lam
448 2151 514 2184 nunc
526 2135 615 2184 minaci
626 2150 752 2183 murmure
763 2150 882 2184 cornuum

384 2216 536 2281 Perstringis
547 2231 627 2277 aures,
639 2217 689 2264 iam
699 2215 755 2265 litui
767 2224 896 2280 strepunt:

383 2322 386 2327 ⁴
415 2300 470 2347 lam
481 2298 564 2362 fulgor
575 2313 701 2346 armorum
713 2296 811 2363 fugacis

448 2378 538 2427 Terret
548 2393 625 2442 equos
636 2379 798 2443 equitumque
810 2378 900 2428 vultus.

382 2461 480 2509 Audire
491 2475 594 2523 magnos
605 2461 655 2508 iam
667 2459 751 2508 videor
762 2459 837 2508 duces

381 2543 439 2592 Nan
448 2542 563 2591 indecoro
573 2541 673 2606 pulvere
686 2541 805 2601 sordidos,

411 2625 446 2673 Et
455 2633 544 2673 cuncta
554 2633 678 2672 terrarum
690 2621 793 2671 subacta

444 2705 547 2754 Praeter
557 2712 666 2753 atrocem
678 2704 788 2752 animum
799 2702 909 2754 Catonia

378 2787 450 2846 Iuno,
461 2794 487 2835 et
496 2786 599 2834 deorum
610 2785 722 2849 quisquis
733 2786 836 2834 amicior
920 2805 928 2822 .

378 2866 450 2917 Afris
460 2867 540 2916 inulta
549 2873 657 2916 cesserat
666 2868 788 2931 impotens
