2320 3590
312 418 357 462 104
454 402 691 447 ANTHonools
716 403 862 445 LATINA.

607 599 713 634 mxu.

561 703 665 758 Pm'ami
677 723 755 758 mors

317 800 424 930 Q*
419 837 426 849 ³
433 818 526 869 mun
532 829 588 870 erat
595 835 733 885 caecaeque
740 820 806 870 fores
812 827 838 869 et
844 819 947 884 pervius
954 833 1016 867 usus

356 911 365 960 ἢ
355 871 423 951 Μ
449 899 585 951 'sectorum
608 903 675 952 iuter
698 917 725 951 se
751 902 856 963 Priami,
879 908 1014 965 postesque

319 975 370 1030 «anx.
386 973 421 1028 135
513 982 597 1034 reflsshl

307 1066 334 1114 Α
345 1072 426 1130 tergo,
436 1063 524 1113 infelix
534 1081 585 1129 qua
596 1080 633 1127 se,
643 1064 704 1114 dum
713 1079 794 1130 regua
803 1063 948 1125 manebant,

308 1146 414 1211 Saepius
425 1145 602 1196 Andromache
612 1145 679 1195 ferre
690 1145 835 1195 incomitata
845 1144 944 1194 solebat

309 1225 352 1275 Ad
363 1234 563 1289 suessonense
574 1242 680 1291 puerum
691 1227 852 1292 Astyanacta
862 1225 986 1275 trahebat.

309 1308 396 1357 Evado
405 1308 439 1357 ad
449 1309 540 1357 summi
549 1307 651 1374 fastigia
660 1307 784 1363 culminis,
795 1306 862 1355 unde

309 1389 371 1439 Tela
381 1404 457 1439 muuu
467 1389 553 1438 miseri
563 1389 691 1439 iactabant
701 1389 777 1437 inrita
788 1387 888 1438 Teucri.

308 1470 411 1518 Turrim
420 1471 448 1519 iu
456 1471 588 1535 praecipiti
598 1477 705 1520 stantem
715 1470 870 1534 summisque
879 1469 928 1520 snb
936 1477 1005 1518 astra

308 1552 431 1602 Eductam
442 1551 600 1614 sentinando
611 1553 692 1601 omnis
703 1551 781 1600 Troia
791 1550 871 1600 videri

309 1633 343 1682 Et
355 1633 472 1682 Danaum
482 1631 569 1682 solitae
579 1648 656 1682 naves
666 1641 693 1682 ct
703 1632 804 1682 Achaia
812 1639 906 1692 castra,

309 1713 434 1779 Adgressi
443 1714 511 1763 ferro
521 1714 625 1770 circum,
636 1730 687 1778 qua
698 1729 797 1762 stimma
806 1712 915 1763 iahantis

308 1794 440 1844 Iuncturas
452 1794 564 1845 tabulata
574 1794 676 1852 dabant,
686 1793 848 1844 convellimus
856 1792 917 1843 altis

308 1875 423 1937 Sedibus,
434 1876 637 1940 inpulimusque;
655 1876 767 1941 calapsa
777 1884 880 1940 repente
892 1877 991 1924 ruinam
1152 1792 1154 1945 4

308 1955 372 2007 Cum
383 1958 466 2006 sonitu
476 1957 555 2006 trahit
566 1964 592 2006 et
602 1957 719 2007 Danaum
731 1972 808 2021 super
817 1958 921 2021 agmina
929 1956 981 2007 late

308 2036 408 2086 Incidit
442 2038 494 2087 Ast
504 2037 547 2088 alii
558 2038 675 2100 subeunt,
684 2054 731 2088 nee
741 2053 813 2098 saxa,
821 2054 867 2087 nce
878 2038 959 2087 ullum

308 2117 445 2166 Telorum'
438 2128 535 2169 interea
544 2128 626 2170 cessat
635 2135 724 2185 genus.

339 2196 501 2249 Vestibulum
526 2210 585 2251 ante
612 2202 694 2265 ipsum
716 2202 847 2266 primoque
870 2202 898 2249 in
925 2201 1010 2251 limine

403 2278 519 2344 Pyrrhus

306 2355 433 2420 Exsuitat‚
445 2362 502 2411 telis
512 2370 539 2413 et
549 2364 605 2414 luce
615 2380 734 2414 coruscus
744 2379 824 2427 acna3

306 2435 394 2495 Qualis
405 2439 448 2488 ubi
459 2443 576 2495 inlunem
588 2446 690 2496 coluber
700 2446 768 2495 mala
778 2445 894 2510 gramina
904 2452 1000 2510 pastus,

304 2514 409 2581 Frigida
419 2522 466 2571 sub
478 2531 547 2576 terra
557 2527 681 2577 tumidum
692 2542 767 2591 quem
777 2526 867 2575 bruma
877 2526 988 2591 tegebat,

305 2594 331 2641 N
332 2611 379 2645 unc
380 2602 487 2662 ,positis
498 2622 579 2658 novus
591 2609 688 2659 exuviis
699 2607 863 2673 nitidusque
856 2615 966 2669 iuventa,

303 2672 412 2726 Lubrica
422 2686 549 2739 convolvit
559 2691 657 2740 sublato
667 2698 767 2756 pectore
778 2695 850 2754 terga

302 2754 406 2806 Arduus
416 2762 449 2809 ad
460 2766 585 2832 sciem,et
595 2773 689 2839 linguis
699 2773 828 2821 minatore
839 2771 958 2820 trisulcis

301 2832 377 2883 Um
369 2852 458 2903 mgesss
470 2843 597 2918 Periphas
608 2863 635 2905 et
642 2869 764 2920 equorum
772 2853 881 2919 agitatur
892 2853 1008 2910 Achillis,
