2310 3592
376 370 379 425 ζ
399 356 555 399 OVIDIUS.

441 516 511 551 CLIX.

399 622 482 676 Liber
496 640 543 675 xv.

359 747 460 800 Aetatis
473 754 595 818 tempora.

123 858 239 982 ¹825?
248 879 338 929 UID?
355 896 406 928 non
416 879 443 928 iu
453 880 547 944 species
558 879 688 928 succedere
699 887 818 943 quattuor

218 938 239 1025 i

133 1047 238 1097 (axx-⁴21
266 1044 376 1107 Aspicis,
386 1045 475 1092 aetatis
486 1051 643 1109 peragentem
656 1044 794 1091 imitamina

223 1125 346 1174 nostrae?

121 1207 185 1256 Nam
198 1216 270 1257 tener
281 1214 307 1256 et
316 1207 410 1256 lactens
421 1209 542 1272 puerique
554 1206 693 1256 simillimus
704 1222 764 1256 aevo

124 1288 193 1337 Vere
205 1296 326 1345 nomast,
340 1297 399 1337 tunc
409 1288 488 1337 herba
499 1304 586 1337 recens
597 1296 622 1337 et
632 1288 728 1337 roboris
738 1302 826 1353 expers

122 1369 229 1436 Turget,
239 1376 265 1419 et
276 1370 384 1419 insolide
394 1377 441 1427 est,
452 1376 478 1419 et
488 1386 531 1435 spe
543 1370 649 1419 delectat
661 1378 778 1436 agrestes.

125 1450 215 1500 omnia
225 1460 285 1501 tuuc
295 1451 395 1514 florent,
406 1451 545 1517 florumque
556 1451 679 1501 coloribus
691 1451 770 1499 almus

124 1533 200 1583 Ludit
216 1548 286 1600 ager,
303 1550 383 1599 neque
399 1534 480 1583 adbuc
494 1536 575 1583 virtus
591 1536 618 1582 in
634 1533 761 1582 frondibus
777 1531 829 1580 ulla

221 1625 266 1666 est.

126 1698 228 1748 Transit
237 1701 264 1748 in
276 1706 398 1748 aestatem
408 1707 464 1763 post
475 1715 519 1748 ver
530 1699 655 1748 robustior
666 1714 753 1754 annus,
821 1747 822 1750 ,

126 1779 215 1844 sieque
226 1781 311 1829 valens
321 1781 425 1829 iuvenis.
447 1780 537 1845 Neque
549 1782 615 1829 enim
625 1782 751 1830 robustior
761 1787 829 1828 aetas

129 1860 194 1918 Ulla,
205 1877 250 1911 nea
262 1861 374 1923 uberior,
384 1877 429 1910 nee
440 1878 506 1926 quae
519 1864 601 1928 magis
613 1863 699 1911 ardeat
709 1862 761 1910 ulla
771 1868 817 1910 est.

128 1942 228 2008 Excipit
239 1950 384 2005 autumnus,
393 1945 475 2007 posito
486 1944 582 1992 fervore
593 1946 708 1994 iuventae

131 2023 245 2073 Maturus
256 2025 375 2088 mitisque
385 2026 451 2073 inter
462 2027 624 2089 iuvenemque
635 2041 766 2089 senemque

132 2103 261 2170 Temperie
272 2104 379 2168 medius,
390 2121 491 2171 sparsus
502 2122 602 2171 quoque
612 2115 724 2170 tempora
734 2109 811 2156 oanis.

134 2184 193 2234 Inde
203 2186 289 2235 senilis
300 2186 398 2251 hiemps
409 2187 515 2237 tremulo
525 2189 594 2236 venit
603 2188 706 2236 horrida
715 2204 798 2252 passu,

136 2266 187 2315 Aut
199 2268 305 2332 spoliata
317 2283 385 2329 suos,
396 2276 448 2331 aut,
460 2284 522 2333 quos
533 2269 618 2330 habet,
628 2269 685 2317 alba
695 2269 804 2334 capillos.

136 2346 226 2397 Nostra
237 2364 337 2413 quoque
344 2349 454 2412 ipsorum
466 2365 563 2414 semper
572 2350 707 2414 requieque
718 2352 771 2399 sine
781 2350 833 2399 ulla

137 2428 244 2494 Corpore
254 2438 402 2480 vertuntur:
421 2447 466 2478 nec
478 2431 545 2495 quod
555 2431 677 2479 fuimusve
688 2446 812 2488 sumusve‚

138 2508 196 2559 Cres
206 2514 308 2561 erimus.
342 2511 403 2559 Fuit
413 2512 457 2560 illa
468 2512 530 2574 dies,
541 2528 591 2575 qua
602 2514 696 2560 semina
708 2520 812 2570 tantum,

140 2589 245 2657 Spesque
262 2593 391 2641 hominum
409 2593 505 2657 primae
526 2600 639 2641 materna
660 2593 824 2642 habitavimus

229 2673 292 2723 alvo.

138 2750 252 2804 Artifices
262 2762 355 2804 natura
365 2770 453 2803 manus
465 2754 581 2811 admovit,
592 2762 618 2803 et
628 2757 688 2820 angi

69 2882 74 2891 ,
140 2828 247 2897 Corpora
258 2835 393 2884 visceribus
403 2834 523 2884 distentae
533 2835 633 2885 condita
643 2837 730 2885 matris

465 2926 482 2969 Q
