2304 3590
326 397 373 443 30²
475 378 710 423 ANTHOLOGIA
736 379 883 424 nsum.

355 474 486 540 Numquid
496 475 564 540 apud
574 474 683 524 Parthos
693 474 880 541 Armeniosque
889 477 970 527 latet?

323 557 378 606 lam
388 572 444 606 cras
454 556 522 606 istud
531 556 607 606 babet
617 554 713 605 Priami
723 557 763 605 vel
774 557 890 608 Nestoris
901 573 982 607 annos.

355 638 418 689 Cras
429 637 496 689 istud
507 639 602 702 quanti,
612 637 653 686 dic
664 637 735 696 mihi,
745 640 825 703 possit
835 639 906 689 emi?

323 719 388 769 Cras
396 721 477 768 vives:
489 718 618 768 hodieism
627 720 719 782 vivere,
727 718 854 778 Postume,
862 720 959 771 tardum
966 726 1013 769 est:

356 802 403 851 Ille
413 802 488 869 sapit,
497 802 619 867 quisquis,
629 799 758 859 Postume.
770 803 835 851 vixit
844 802 906 853 heri.

932 886 987 934 lviii.

634 1010 712 1046 ccxx,

504 1110 549 1162 Ad
563 1110 703 1164 Caesarem
714 1111 746 1164 de
757 1115 836 1165 rosis.

343 1225 409 1348 w}
426 1249 550 1324 Tnova
560 1249 625 1299 dona
634 1249 689 1307 tibi,
700 1248 802 1315 Caesar,
814 1250 924 1302 Nilotica
934 1250 1002 1302 tellus

343 1246 446 1460 1⁸:qu
496 1329 601 1378 Miserat
612 1329 729 1380 hibernas
740 1331 872 1382 ambitiosa
882 1349 957 1395 rosas,

366 1387 446 1460 υἱὲ(
470 1411 562 1461 Navita
582 1410 669 1460 derisit
687 1410 794 1462 Pharios
812 1413 985 1479 Memphiticus

423 1494 518 1556 hortos,

358 1575 436 1625 Urbis
447 1583 474 1625 ut
485 1575 589 1625 intravit
598 1574 685 1624 limina
694 1576 776 1639 prima
787 1583 853 1626 tuae.

325 1656 422 1706 Tantus
432 1656 499 1705 veris
509 1655 589 1705 honos
599 1663 626 1705 et
635 1654 726 1704 odorae
736 1657 820 1720 gratia
830 1657 930 1717 Florae,

358 1737 488 1802 Tantaque
498 1737 616 1786 Paestani
627 1737 706 1799 gloria
717 1739 783 1787 ruris
793 1748 855 1789 erat

327 1820 369 1870 Sic
379 1834 526 1884 quecunque
537 1833 617 1883 vagus
628 1833 790 1883 gressumque
801 1820 936 1885 oculosque
945 1820 1001 1870 fere·

358 1979 500 2031 Tonsilibus
511 1979 585 2029 sertis
595 1994 666 2028 omne
674 1978 781 2029 rubebat
790 1981 846 2030 iter.

326 2065 365 2113 At
375 2072 403 2112 tu
414 2063 540 2111 Romanae
551 2062 633 2111 iussus
643 2062 693 2110 iam
704 2061 791 2110 cedere
802 2062 915 2122 brumae,

358 2144 434 2194 Mitte
443 2150 500 2193 tuas
509 2158 610 2199 messes
619 2142 711 2206 accipe,
722 2141 788 2204 Nile,
799 2159 879 2196 rosas.

769 2227 822 2274 Lib.
834 2241 870 2274 vr.
883 2226 953 2279 lxxx.

628 2350 716 2387 eom.

432 2448 581 2521 Apollinum
593 2449 669 2500 mittit
680 2464 801 2501 coronam
815 2468 923 2503 roseam.

359 2556 481 2805 Q
497 2582 605 2631 FELIX
615 2598 680 2640 rosa,
690 2581 856 2648 mollibusque
867 2586 939 2635 sertis

497 2664 584 2714 Nostri
595 2665 667 2730 cinge
677 2679 759 2713 comas
768 2665 930 2730 Apollinaris.

497 2745 567 2807 Quas
578 2753 605 2795 tu
617 2752 716 2795 nectere
726 2745 856 2809 candidas,
867 2748 910 2797 sed
920 2747 984 2807 olim,

361 2827 402 2878 Sic
413 2835 438 2877 te
448 2843 544 2893 semper
554 2835 621 2877 amet
631 2827 729 2890 Venus,
739 2836 869 2878 memento.

760 2912 811 2960 su.
826 2925 874 2961 vu.
886 2911 981 2961 lxxxix,
