2304 3590
321 418 368 473 276
463 408 697 453 ANTHonoels
717 406 862 449 LATINA.

321 505 454 571 Mygdonii
463 504 580 569 Pyliique
591 504 664 558 senis,
675 518 721 551 nec
731 501 813 550 nobile
824 508 906 549 mutes

322 585 465 646 Servitium,
476 600 523 633 nec
535 592 560 633 te
571 584 641 633 cultu
651 582 787 648 Tirynthia
797 583 882 631 vincat

298 661 389 717 inula
399 666 580 733 Dicarcheique
591 667 668 725 sinus,
678 680 724 714 nec
734 666 831 728 saepius
843 663 898 712 istis

322 749 419 799 Blanda
429 749 586 818 Tberapnpei
596 748 708 810 placeant
719 749 802 795 vineta
813 745 909 796 Galesi,

324 832 374 881 Hic
384 831 428 880 ubi
438 830 548 880 sidereas
558 836 658 878 exercet
667 828 762 877 Pollius
774 834 849 888 artes,

324 912 374 962 Seu
385 912 461 961 volvit
472 911 589 981 monitus,
599 925 662 973 quos
672 909 716 958 dat
727 907 874 974 Gargettius
885 913 979 967 auctor,

324 989 373 1038 Seu
384 996 494 1038 nostram
504 987 586 1051 quatit
597 986 639 1034 ille
650 985 749 1050 chelyn,
761 1000 805 1034 seu
818 985 919 1053 dissona
929 983 1003 1032 nectit

322 1070 450 1132 Carmina,
461 1071 512 1119 aive
523 1068 610 1116 minax
619 1066 726 1115 ultorem
736 1066 839 1131 stringit
847 1064 962 1129 iambon3

324 1153 381 1201 Huc
393 1152 453 1200 levis
463 1167 478 1200 e
488 1149 596 1214 scopulis
606 1148 709 1196 meliora
718 1147 750 1195 ad
760 1147 872 1196 carmina
881 1146 954 1196 Siren

326 1233 445 1295 Advolat,
456 1232 505 1280 huc
515 1232 590 1280 motis
598 1229 669 1278 audit
680 1229 796 1278 Tritonia
804 1229 895 1278 cristis

326 1317 398 1366 Tunc
408 1314 491 1380 rapidi
500 1321 596 1379 ponunt
606 1312 689 1373 flatus,
699 1313 780 1361 maria
789 1312 845 1376 ipsa
854 1318 971 1360 vetantur

327 1397 483 1462 Obstrepcre‚
494 1402 625 1460 emergunt
635 1393 724 1458 pelago
733 1392 881 1458 doctamque
891 1392 1021 1442 trahuntur

325 1480 369 1530 Ad
379 1479 470 1544 chelyn
478 1485 505 1527 et
513 1476 597 1526 blandi
607 1475 713 1540 scopulis
722 1474 852 1539 delphines
862 1475 988 1524 aderrant.

359 1561 433 1621 Vive,
443 1559 528 1608 Midae
538 1559 607 1623 gazis
616 1566 642 1605 et
652 1555 724 1622 Lydo
735 1555 810 1605 ditior
821 1571 893 1614 auro,

328 1644 419 1692 Troica
429 1650 455 1691 et
466 1641 611 1706 Euphraten
622 1654 696 1703 super
708 1637 849 1687 diademta
859 1637 930 1703 felix,

329 1724 410 1785 Quem
422 1739 471 1772 non
480 1722 591 1786 ambigui
602 1720 691 1783 fasces,
701 1735 752 1768 non
762 1719 854 1768 mobile
863 1719 963 1786 vulgus,

328 1806 386 1855 Non
397 1806 474 1871 leges,
484 1821 534 1853 non
545 1812 628 1853 eastra
638 1808 732 1864 tenent,
743 1803 787 1867 qui
797 1809 898 1867 pectore
909 1818 997 1868 magno

332 1887 455 1953 Spemque
465 1893 608 1950 metumque
618 1884 713 1946 domas,
723 1885 784 1932 vitio
796 1883 926 1934 sublimior
936 1885 1008 1944 omni,

329 1971 468 2034 Exemptua
479 1969 538 2018 fatis
549 1967 768 2032 indignantemque
779 1965 880 2031 repellis
957 1993 967 2015 ·

328 2048 481 2110 Fortunam3
497 2045 600 2094 dubium
611 2059 684 2107 quem
695 2059 746 2092 non
757 2044 783 2092 in
794 2043 895 2093 turbine
904 2059 985 2093 rerum

329 2123 473 2189 Deprendet
483 2137 599 2187 suprema
609 2121 670 2181 dies,
681 2121 724 2169 sed
732 2120 803 2169 abire
811 2129 928 2185 paratum

332 2206 372 2251 Ao
380 2201 480 2266 plenum
490 2201 550 2248 vita
583 2198 645 2254 Nos,
656 2198 713 2246 vilis
723 2197 805 2256 turba,
817 2198 917 2248 caducis

332 2279 465 2328 Deservire
475 2277 547 2326 bonis
557 2290 704 2339 semperque
714 2282 801 2340 optare
812 2278 904 2340 parati,

335 2354 481 2420 Spargimur
491 2354 518 2402 in
527 2368 609 2402 casus.
643 2350 717 2400 Celsa
727 2359 756 2400 tu
766 2354 857 2401 mentis
868 2352 900 2401 ab
911 2368 966 2402 arce

331 2436 446 2502 Despicis
457 2441 578 2491 errantes,
586 2433 745 2497 humanaque
756 2432 851 2497 gaudia
860 2433 937 2483 rides.

851 2532 874 2565 v.
888 2520 997 2564 loolar.

594 2651 764 2768 velen
