2310 3592
323 408 366 454 192
463 389 698 433 ANTHOLOGIA
725 388 868 431 LATINA.

321 485 390 535 Saxa
399 485 563 549 triumphales
574 484 672 550 fregere
683 483 815 548 Capherea
826 497 930 548 puppes,

353 565 485 630 Naufraga
494 582 550 614 cum
561 573 632 615 vasto
643 565 751 616 Graecia
762 572 843 614 tracta
853 564 906 614 salo
917 572 961 613 est.

321 648 453 697 Paullatim
465 649 558 697 socium
569 649 690 697 iacturam
701 646 769 696 flevit
779 647 878 709 Ulixes,

354 729 386 778 In
396 745 464 777 mare
475 730 515 778 cui
524 730 590 777 soliti
601 745 651 777 non
661 728 760 777 valuere
771 728 828 777 doli

322 806 396 867 Quod
407 806 429 854 si
438 812 569 854 contentus
579 807 663 869 patrio
674 805 736 854 bove
747 812 855 854 verteret
866 819 949 869 agros,

355 883 491 946 Verbaque
502 882 616 931 duxisset
625 882 722 946 pondus
732 882 824 931 habere
835 897 899 939 mea,

322 960 427 1009 Viveret
438 967 495 1008 ante
506 975 563 1008 suos
574 958 654 1008 duleis
663 961 769 1008 convive
778 959 895 1020 Penates,

355 1038 463 1103 Pauper,
472 1047 498 1085 at
509 1038 535 1084 in
546 1044 622 1098 terra,
632 1036 670 1084 nil
679 1036 723 1085 ubi
733 1035 793 1085 llere
804 1045 892 1101 potest.

322 1115 381 1165 Non
390 1115 450 1164 tulit
460 1114 501 1162 hie
511 1113 605 1162 Paetus
616 1113 748 1162 stridorem
760 1114 847 1162 audire
861 1113 989 1178 procellae,

355 1197 389 1246 Et
400 1197 464 1245 duro
474 1204 573 1244 teneras
583 1195 682 1244 laedere
693 1196 753 1244 fune
762 1211 861 1256 manus,

323 1278 373 1328 Sed
383 1279 454 1344 thyio
465 1278 575 1327 thalamo
586 1283 630 1326 aut
642 1277 726 1326 Oricia
735 1277 878 1326 terebintho

355 1360 477 1421 Effirltum
487 1360 573 1425 pluma
583 1359 728 1408 versicolore
739 1369 822 1424 caput.

324 1442 390 1490 Huic
400 1440 490 1491 fluetus
501 1442 557 1489 vivo
567 1441 686 1490 radicitus
698 1441 801 1490 abstulit
810 1456 915 1505 ungues,

355 1524 390 1574 Ilt
400 1525 475 1573 miser
486 1525 591 1572 invisam
601 1524 681 1572 traxit
692 1524 776 1572 hiatus
787 1539 878 1588 aquam
887 1544 895 1588 3

323 1607 399 1655 Hune
409 1622 486 1671 parvo
497 1606 559 1655 ferri
568 1606 630 1654 vidit
640 1621 692 1655 nox
703 1606 816 1670 improba
825 1605 908 1671 lign03

355 1687 449 1736 Paetus
460 1695 489 1735 ut
500 1686 630 1748 occideret,
643 1694 681 1735 tot
691 1687 771 1735 coiere
785 1687 858 1736 mala.

324 1768 399 1817 Flens
410 1776 494 1817 tamen
504 1770 622 1817 extremis
634 1768 769 1816 dedithaec
780 1768 898 1816 mandata
909 1765 1018 1832 querelis,

356 1850 422 1900 Cum
432 1850 581 1899 moribunda
591 1851 661 1914 niger
672 1850 799 1900 clauderet
809 1867 854 1899 ora
863 1850 958 1915 liquor:

325 1940 332 1963 ⁶
345 1931 379 1981 Di
389 1933 465 1982 maris
476 1932 572 1997 Aegaei
581 1949 642 1997 quos
653 1942 711 1980 sunt
722 1948 798 1996 penes
810 1948 926 1996 aequora,
936 1930 1016 1985 Venti,

356 2014 391 2062 Et
401 2029 571 2078 quaecumque
582 2026 665 2062 meum
676 2013 796 2079 degravat
808 2014 875 2062 unda
885 2022 966 2078 eaput,

327 2095 384 2157 Quo
395 2096 485 2160 rapitis
495 2096 599 2144 miseros
609 2095 706 2160 primae
716 2094 843 2159 lanuginis
853 2096 950 2144 annos?

357 2173 498 2223 Attulimus
507 2172 595 2236 longas
606 2173 633 2220 in
644 2172 710 2220 freta
721 2180 805 2221 vestra
815 2189 910 2243 manqs.

326 2256 370 2305 Ah
381 2257 457 2304 miser
468 2254 600 2319 alcyonum
612 2253 718 2318 scopulis
728 2253 835 2319 adfligar
845 2255 939 2318 acutis3

258 2340 265 2353 “
357 2340 389 2388 In
400 2354 440 2387 me
450 2337 564 2387 caeruleo
576 2335 674 2403 fuscina
685 2344 783 2401 sumpta
794 2337 840 2386 deo
851 2345 896 2386 est.

326 2423 364 2469 At
374 2420 462 2469 saltem
473 2419 560 2467 ltaliae
571 2418 717 2482 regionibus
728 2418 819 2467 evehat
829 2427 927 2482 aestus;

358 2502 414 2551 Hoc
424 2501 455 2549 de
465 2517 505 2549 me
515 2507 554 2549 sat
565 2502 614 2549 erit
625 2501 647 2548 si
657 2500 729 2549 modo
738 2502 827 2549 matris
837 2502 905 2551 erit!

327 2583 460 2633 Subtrahit
467 2583 529 2631 haee
540 2582 632 2630 fantem
644 2588 711 2630 torta
721 2583 844 2647 vertigine
854 2583 955 2645 fluctus3

360 2663 458 2714 Ultima
468 2679 532 2727 quae
543 2663 623 2711 Paeto
634 2678 732 2727 voxque
744 2663 846 2727 diesque
858 2663 912 2713 fuit

329 2746 462 2794 Ocentum
473 2759 611 2807 aequoreae
623 2742 706 2793 Nereo
717 2745 831 2809 genitore
841 2744 942 2810 puellae,

360 2825 394 2874 Et
403 2833 433 2874 tu
443 2832 555 2874 materno
566 2830 633 2874 tacta
647 2824 731 2874 dolore
743 2823 840 2885 Thetis,
