2304 3590
361 366 425 412 CBA
434 367 604 411 UDIANUS.
787 386 831 430 34¹

133 460 263 525 Coniugis,
275 462 368 512 invioto
379 477 444 526 quae
455 461 548 511 dudum
560 462 625 511 freta
635 462 725 511 marito

132 542 241 592 Demens
252 542 411 593 Ausonidum
420 551 547 609 gemmata
558 543 661 593 monilia
671 550 790 605 matrum,

133 622 307 689 Romanasque
317 624 370 674 alta
381 624 488 674 famulae
498 625 593 674 oerriee
603 624 725 689 petebat?

134 703 233 754 Soilioet
244 703 377 771 Argolicas
388 704 611 772 Ephyreiadasque
620 705 716 771 puellas

134 784 264 850 Coeperat,
275 793 301 835 et
310 785 428 851 pulchras
439 786 489 845 iam
500 785 613 836 fastidire
624 785 760 838 Lacaenas.

138 865 186 916 Sed
195 867 244 917 dea
255 883 319 933 quae
330 869 414 918 nimiis
424 868 508 918 obstat
519 867 675 918 Rhamnusia
683 869 756 932 votis,

133 947 267 1013 Ingemuit,
278 947 397 1014 flexitque
406 957 495 1000 rotam.
528 948 622 1000 Domat
630 964 719 1015 aspera
729 952 806 1001 victos

134 1028 278 1094 Pauperies,
289 1045 389 1094 unoque
399 1029 440 1080 die
451 1018 565 1080 Romana
575 1030 690 1095 rependit

133 1109 258 1176 Quinquid
269 1118 308 1161 ter
318 1110 389 1161 denis
401 1112 467 1162 aaies
478 1113 607 1162 amisimus
617 1113 696 1161 annis.

165 1192 187 1242 Ο
197 1193 345 1243 celebranda
355 1193 418 1243 mihi
427 1196 524 1244 eunetis
534 1193 659 1244 Pollentia
670 1192 770 1244 saeclis!

133 1275 283 1325 Omeritum
294 1290 385 1325 nomen
396 1275 509 1325 felicibus
520 1283 580 1340 apta
591 1275 738 1339 triumphis!

133 1356 246 1407 Virtutis
257 1356 334 1406 fatale
346 1357 434 1418 solum,
444 1356 605 1406 memorabile
615 1356 715 1406 bustum

132 1436 282 1487 Barbariaei
300 1453 359 1487 nam
370 1453 443 1503 saepe
455 1438 556 1488 loaisae
567 1438 659 1488 finibus
670 1438 720 1488 iilis

132 1514 211 1565 Plena
221 1515 336 1566 laoessito
345 1515 421 1565 rediit
430 1515 540 1566 vindicta
550 1514 664 1576 Quirino.

133 1596 188 1646 Illio
199 1596 294 1647 Ooeani
304 1597 401 1663 stagnis
412 1596 496 1646 exeita
506 1597 629 1661 supremis

132 1677 260 1728 Cimbrica
269 1683 412 1743 tempestas,
421 1676 533 1742 aliasque
543 1678 655 1728 immissa
665 1693 710 1743 per
721 1676 810 1743 Alpes,

132 1758 214 1809 ladem
223 1758 355 1824 procubuit
364 1759 464 1824 eampis.
498 1758 554 1808 Iam
565 1760 679 1824 protinus
690 1766 759 1808 aetas

132 1838 276 1889 Adveniens
285 1840 401 1904 geminae
411 1840 494 1904 gentis
504 1840 652 1904 permisoeat
662 1854 725 1900 ossa,

131 1921 164 1970 Et
175 1921 286 1987 dupliees
296 1922 378 1987 signet
388 1921 476 1971 titulos
485 1935 615 1971 commune
627 1929 770 1986 tropaeum:

135 2002 199 2051 ‘Hie
208 2001 324 2053 Cimbros
333 2002 458 2066 fortesque
468 2000 556 2065 Getas,
566 2001 831 2068 Stilichoneperemtos

134 2082 167 2133 Et
177 2084 260 2133 Mario
272 2083 346 2133 oleris
357 2083 470 2145 ducibus,
481 2084 545 2149 tegit
555 2083 621 2133 Itala
631 2083 713 2133 tellus.

134 2163 228 2215 Discite
238 2179 345 2215 vesanae
356 2164 461 2215 Romam
472 2180 523 2214 non
534 2172 645 2215 temnere
654 2166 758 2227 gentes)

648 2264 674 2299 v.
687 2250 798 2297 tea-647.

416 2506 542 2659 uiis
