2320 3590
328 437 371 482 132
469 422 703 465 ANTHOLOGIA
729 423 874 465 LATINA.

226 518 236 533 '
322 515 378 564 Stat
389 532 435 564 sua
446 517 535 580 cuique
546 516 599 565 dies
609 537 617 581 3
634 516 708 565 breve
719 524 745 565 et
755 516 918 582 inreparabile
924 522 1012 579 tempus

324 595 445 647 Omnibus
456 606 496 647 est
504 599 586 663 vitae3
604 598 647 647 sed
658 598 750 646 famam
761 598 894 647 extendere
904 598 980 658 saetis,

324 676 379 728 Hoc
389 680 488 728 virtutis
498 695 567 744 opus.
601 678 691 728 Troiae
702 679 750 728 sub
760 680 888 729 moenibus
898 680 952 728 altis

322 758 372 808 'l'ot
382 762 453 825 gnati
463 761 572 809 cecidere
583 761 656 810 deum
666 780 674 825 3
692 761 753 825 quin
763 762 852 811 occidit
862 778 912 810 una

322 839 458 906 Sarpedon,
470 858 525 890 mea
535 843 673 907 progenies.
710 842 795 891 Etiam
806 859 852 892 sua
863 843 972 892 'lurnum

321 923 387 972 Fata
398 931 498 981 vocant,
507 931 635 987 metasque
646 924 700 973 dati
710 925 864 989 pervenitad
874 927 933 975 aevi.

322 1005 365 1054 sic
376 1008 420 1066 ait,
433 1015 507 1070 atque
518 1006 601 1055 oeulos
613 1006 852 1056 Rutulorum'reiioit
861 1008 941 1070 arvis3

321 1088 360 1137 At
371 1088 454 1137 Pallas
465 1089 563 1153 magnis
573 1089 664 1138 emittit
674 1089 768 1137 viribus
778 1089 884 1146 hastam,

322 1171 472 1236 Vaginaque
481 1187 543 1220 eava
552 1170 688 1236 fulgentem
700 1170 786 1235 diripit
795 1187 887 1220 ensem.

323 1252 371 1300 Illa
382 1252 475 1309 volans,
487 1253 596 1301 humeris
607 1259 714 1317 surgunt
725 1268 775 1316 qua
786 1255 897 1319 tegmina
908 1266 1006 1307 summa,

321 1329 420 1392 Incidit,
432 1337 507 1393 atque
516 1331 582 1378 viam
592 1329 663 1394 clipei
675 1329 761 1378 molita
771 1345 892 1398 peroras,

323 1410 435 1459 Tandem
446 1411 522 1459 etiam
531 1426 623 1475 magno
633 1411 735 1459 strinxit
746 1410 777 1459 de
788 1426 890 1475 eorpore
900 1410 984 1460 Turni.

323 1491 372 1540 Hie
383 1491 484 1540 Tamus
495 1492 562 1540 ferro
571 1491 711 1556 praefixum
722 1491 799 1539 robur
810 1499 884 1540 acuto

322 1575 352 1623 In
363 1574 479 1623 Pallanta
488 1573 531 1623 diu
542 1574 635 1623 librans
645 1574 714 1635 iacit,
725 1580 800 1636 atque
811 1575 847 1622 ita
858 1572 942 1622 fatur:

323 1655 425 1721 Aspice,
437 1672 496 1704 num
508 1671 581 1721 mage
592 1656 625 1703 sit
634 1663 747 1704 nostrum
756 1655 909 1719 penetrabile
919 1656 999 1704 telum.

322 1738 429 1786 Dixerat
438 1757 445 1802 3
464 1745 490 1785 at
500 1736 615 1801 clipeum,
625 1743 663 1785 tot
674 1736 734 1785 ferri
744 1743 825 1801 terga,
836 1744 874 1785 tot
885 1739 957 1793 aeris,

323 1819 404 1879 Quem
414 1818 486 1883 pellis
496 1820 586 1867 totiens
596 1818 670 1867 obeat
679 1817 831 1867 circumdata
841 1819 916 1880 tauri,

321 1902 440 1950 Vibranti
450 1900 558 1948 medium
567 1900 650 1964 cuspis
661 1899 844 1948 transverberat
855 1900 915 1956 ictu,

321 1983 472 2046 Iorieaeque
484 1998 566 2030 moras
577 1988 698 2046 otpertus
708 1982 818 2046 perforat
828 1983 923 2047 ingens.

324 2068 371 2117 Ille
383 2068 449 2131 rapit
459 2063 567 2113 calidum
578 2064 673 2113 frustra
683 2064 713 2113 de
723 2064 821 2113 volnere
830 2063 923 2112 talum:

320 2150 379 2199 Una
390 2149 525 2213 eademque
536 2149 576 2196 via
587 2147 688 2212 sanguis
700 2148 847 2210 animusque
858 2152 1001 2209 sequuntur.

319 2231 422 2281 Corruit
434 2232 460 2279 in
472 2230 572 2293 volnus3
593 2230 700 2277 sonitum
713 2243 787 2292 super
798 2243 869 2276 arma
878 2227 982 2290 dedere3

320 2314 354 2361 Et
365 2321 459 2362 terram
470 2310 583 2360 hostilem
594 2310 700 2358 moriens
712 2311 774 2374 petit
784 2324 827 2358 ore
836 2316 947 2358 cruento.

321 2391 403 2452 Quem
414 2391 515 2439 Turnus
526 2404 601 2453 super
610 2387 733 2436 adsistens
744 2408 750 2436 ε

318 2472 441 2528 Arcades,
451 2472 522 2533 haee,
534 2471 623 2533 inquit,
634 2484 754 2517 memores
762 2483 818 2517 mea
829 2468 895 2517 dieta
906 2467 995 2516 referte

320 2555 439 2604 Euandro
450 2573 455 2601 :
474 2552 579 2614 Qualem
590 2553 691 2612 merant,
702 2550 818 2600 Pallanta
827 2551 935 2600 remitto.

318 2635 439 2697 Quisquis
451 2633 528 2681 honos
538 2629 637 2686 tumuli,
649 2629 769 2693 quidquid
780 2628 889 2677 solamen
900 2626 1018 2676 humandi

413 2722 461 2775 est,

315 2799 429 2862 Largior.
462 2795 538 2845 Haud
548 2795 584 2844 illi
595 2794 697 2843 stabunt
708 2790 804 2842 Aeneia
814 2807 890 2856 parvo

313 2880 437 2945 Hospitia.
473 2879 507 2927 Et
517 2877 587 2927 laevo
596 2877 688 2941 pressit
699 2873 768 2943 pede,
780 2872 842 2923 talia
852 2872 930 2933 fatus,
