2304 3590
409 391 470 433 sTA
477 392 513 433 TI
518 392 565 434 ΗΒ.

363 624 367 629 “
445 616 523 653 CXCV.

155 756 313 829 Hypsipyle,
328 753 492 809 Archemoro
504 758 531 808 in
541 757 662 826 gramine
673 754 797 828 deposito,

306 861 417 932 Argiuis
429 879 510 933 aquas
525 860 643 915 ostendit.

147 1004 187 1026 Ἳι
203 1010 208 1033 t
208 1006 244 1037 ΑἸ,
361 1028 366 1039 ,
469 1026 475 1038 .
680 1027 685 1039 ι

130 1011 180 1098 (Q
194 1038 245 1102 «9).
253 1026 277 1075 Τ
286 1042 349 1091 puer
359 1042 386 1075 m
396 1041 492 1091 gremio
502 1040 593 1075 vernae
603 1025 700 1076 telluris
710 1036 736 1075 et
748 1026 799 1075 alto

130 1100 132 1105 ¹
154 1081 245 1174 'th
270 1107 829 1173 Gramine‚nunefaeileasternitprocursibur

130 1210 174 1234 ,,.,
199 1176 201 1179 ’
212 1167 246 1243 >t

124 1267 156 1316 In
166 1267 263 1317 vultam
274 1267 370 1328 nitens3
389 1282 474 1316 earam
484 1267 558 1317 modo
567 1267 639 1316 laetis
649 1283 727 1333 egeno

126 1347 257 1397 Nutricem
267 1348 386 1412 clangore
396 1349 464 1397 ciens
475 1349 615 1412 iterumque
627 1348 751 1408 renidens,

126 1424 159 1473 Et
170 1425 264 1474 teneris
273 1425 397 1474 meditans
407 1425 482 1474 verba
492 1425 640 1474 inluetantia
650 1425 735 1484 labris,

126 1505 239 1555 Miratur
249 1521 379 1554 nemorum
391 1507 518 1571 strepitis,
530 1513 575 1555 aut
584 1506 658 1555 obvia
669 1508 759 1572 carpit,

126 1587 182 1636 Aut
193 1586 280 1651 patula
292 1586 371 1637 trahit
381 1601 424 1636 ore
435 1587 511 1648 diem,
522 1588 680 1651 nemorisque
690 1588 811 1638 malorum

126 1668 224 1717 Inscius
235 1675 261 1717 et
271 1669 337 1717 vitae
348 1668 454 1717 multum
466 1684 569 1718 securus
578 1669 681 1718 inerrat.

128 1749 168 1799 Sic
179 1759 252 1800 tener
263 1749 373 1817 Odrysia
380 1748 483 1800 Mavors
493 1751 558 1809 nive,
570 1750 606 1799 sic
616 1766 679 1815 puer
689 1751 742 1799 ales

126 1827 230 1877 Vertiee
240 1827 376 1889 Maenalio,
387 1826 445 1876 talis
453 1842 499 1892 per
509 1827 584 1876 litora
594 1834 697 1891 reptans

126 1904 251 1969 Inprobus
263 1903 387 1969 Ortygiae
395 1902 462 1952 latus
472 1903 609 1953 inclinabat
618 1903 720 1969 Apollo.

156 1981 199 2030 Ilii
210 1996 257 2047 per
268 1981 357 2029 dumos
367 1986 393 2029 et
404 1995 482 2045 opaca
493 1979 631 2029 virentibus
642 1981 738 2030 umbris

126 2058 206 2108 Devia
216 2074 276 2124 pars
287 2059 400 2123 cingunt,
410 2072 470 2122 pars
481 2066 551 2107 areta
561 2058 633 2123 plebe
645 2067 792 2123 sequuntur,

126 2135 353 2200 Pmeelerantqne
363 2135 458 2186 dneem.
491 2134 605 2184 Medium
616 2135 683 2184 subit
693 2135 737 2185 illa
747 2152 792 2202 per

225 2227 317 2277 agmen

127 2290 184 2340 Non
201 2290 292 2340 humili
303 2289 395 2339 festina
411 2289 500 2355 m9d03
517 2290 616 2355 iamque
635 2305 708 2339 amne
725 2292 824 2356 propin·

226 2386 278 2436 quo

127 2448 212 2498 Rauca
223 2454 297 2497 sonat
308 2447 389 2510 vallis,
399 2463 566 2512 saxosumque
578 2447 669 2512 inpulit
679 2463 754 2498 aures

126 2525 257 2590 Murmur3
274 2526 310 2574 ibi
320 2525 436 2575 exultans
447 2526 586 2575 conclamat
596 2525 628 2573 ab
639 2527 738 2591 agmine
745 2528 834 2592 primo,

127 2601 195 2653 Sient
205 2609 269 2660 erat,
280 2601 377 2652 levibus
387 2602 477 2652 tollens
487 2601 580 2652 vexilla
590 2602 710 2666 maniplis

127 2678 221 2745 Argus,
233 2679 340 2743 ‘Aquae
348 2681 371 2727 l’
382 2678 522 2744 longusque
532 2680 613 2729 virum
625 2694 701 2744 super
711 2696 756 2728 ara
765 2697 806 2730 eu·

225 2756 306 2806 currit

128 2837 235 2900 Clamor,
246 2839 254 2865 ‘
264 2837 356 2901 Aquae
365 2837 388 2885 l'
404 2836 446 2887 Sia
458 2836 587 2887 Ambracii
597 2853 642 2904 per
653 2837 728 2888 litora
738 2840 807 2904 ponti
