2360 3598
384 408 595 453 adoremus.
814 428 845 472 33

153 499 291 549 Disiectam
302 507 387 549 aestus
398 501 488 550 diversi
497 503 618 559 materiai,

153 577 297 645 Numquam
307 582 335 629 in
345 581 474 646 concilium
485 589 513 631 ut
522 583 617 646 possint
626 581 751 647 oompulsa
761 583 826 631 ooire

154 660 205 708 Neo
215 661 338 710 remorari
348 661 375 709 in
384 661 486 710 coneilio
496 676 541 710 neo
551 677 660 710 creseere
671 661 781 710 deuota.

696 758 718 789 v.
731 747 842 791 ota-564.

453 884 549 919 mm.

363 985 490 1038 Mundum
502 1002 637 1038 senescere.

159 1112 216 1175 2⁴&

222 1111 270 1186 {ii
277 1130 313 1181 10
330 1131 408 1195 igitur
423 1131 507 1196 magni
526 1145 624 1196 quoque
641 1132 734 1180 oiroum
749 1136 845 1183 moenio

359 1211 443 1260 mundi

231 1254 273 1337 ii,
293 1291 446 1356 Expugnota
467 1291 561 1340 dobunt
582 1289 662 1339 labem
685 1293 813 1356 putrisque

160 1140 270 1297 uuQ
257 1179 268 1206 ⁴

160 1240 249 1337 pii}

247 1373 341 1420 ruinas

152 1451 255 1516 Iamque
264 1451 328 1500 adeo
337 1451 417 1501 fraota
426 1458 465 1501 est
473 1457 541 1501 aetas
552 1450 673 1515 effetaque
683 1452 755 1500 tellus

152 1532 207 1579 Vix
216 1531 334 1580 animalia
343 1547 420 1595 parva
429 1538 496 1580 areat
506 1546 570 1595 quae
579 1539 669 1580 cuneta
678 1533 770 1581 creavit

154 1610 241 1659 Saeola
251 1610 368 1673 deditque
380 1612 489 1659 ferarum
498 1612 609 1676 ingentia
618 1626 721 1675 corpora
731 1619 810 1676 partu.

153 1690 236 1748 Haud,
247 1697 277 1739 ut
287 1691 383 1754 opinor,
393 1692 459 1738 enim
468 1691 582 1741 mortalia
593 1691 672 1740 saeclo
683 1708 786 1756 supepne

152 1772 239 1819 Aurea
249 1770 282 1818 de
291 1770 359 1818 eaelo
369 1770 466 1819 demisit
476 1770 542 1820 funis
551 1772 578 1820 in
588 1787 648 1821 arva

153 1849 206 1900 Neo
215 1865 284 1899 mare
294 1864 340 1897 neo
350 1849 439 1898 fluetus
448 1850 587 1916 plangentis
597 1867 659 1900 saxa
669 1860 792 1913 crearunt,

155 1927 202 1977 Sed
212 1930 299 1994 genuit
309 1929 382 1978 tellus
392 1930 477 1978 eadem
487 1946 550 1995 quae
560 1947 626 1980 nuno
635 1932 679 1981 alit
688 1948 720 1980 ex
732 1948 764 1981 se.

153 2007 287 2058 Praeterea
294 2009 386 2057 nitidas
396 2008 480 2074 fruges
490 2012 619 2074 vinetaque
629 2012 694 2061 laeta

155 2086 246 2150 Sponte
255 2103 301 2136 sua
310 2090 418 2152 primum
426 2088 570 2138 mortalibus
580 2091 634 2154 ipsa
643 2094 743 2154 creavit,

154 2167 211 2230 Ipsa
221 2167 290 2216 dedit
299 2168 379 2216 duleis
388 2168 453 2218 fetus
463 2176 488 2218 et
498 2170 590 2234 pabula
599 2171 679 2235 laeta3

151 2245 223 2304 Quae
233 2263 300 2296 nune
311 2247 353 2295 vix
362 2255 447 2297 nostro
457 2250 622 2312 grandescunt
629 2258 702 2300 tuoto
711 2251 803 2312 labore,

154 2325 357 2391 Conterimusque
368 2327 442 2376 boves
451 2335 477 2376 et
487 2329 547 2378 viris
556 2330 728 2394 agricolarum,
742 2346 747 2361 ¹

153 2406 301 2456 conficimus
312 2407 405 2455 ferrum
419 2407 459 2456 uix
470 2409 535 2457 arvis
546 2409 707 2473 suppeditati:

154 2484 239 2550 Usque
247 2487 309 2536 adeo
318 2495 423 2551 pareunt
432 2487 498 2537 fetus
507 2496 647 2553 augentque
657 2489 747 2538 labore.

153 2565 254 2631 Iamque
264 2575 339 2632 eaput
349 2583 469 2631 quassans
478 2568 579 2633 grandis
591 2570 698 2632 suspirat
708 2576 791 2619 arator

154 2643 279 2709 Crebrius,
289 2649 412 2708 ineassum
422 2663 540 2696 manuum
550 2648 666 2697 oeoidisse
675 2649 779 2712 labores,

154 2724 251 2774 Etcum
262 2734 375 2791 tempora
384 2728 536 2791 temporibus
547 2730 685 2792 praesentia
694 2730 789 2780 confert

155 2801 305 2868 Praeteritis,
314 2807 401 2857 laudet
410 2807 522 2858 fortunas
532 2823 604 2872 saepe
614 2811 724 2873 parentis

503 2898 521 2931 o
