2304 3590
336 428 339 431 ·
374 425 583 470 mauriana.
781 450 829 494 309

125 507 174 559 Ilia
185 512 362 577 placentinus,
373 519 399 567 iu
411 535 461 584 qua
471 536 512 570 rea
523 537 602 586 parva
612 522 712 574 beatum

158 592 203 642 Ma
213 595 275 645 fauit
286 605 312 646 et
322 605 410 649 teuuea
420 600 582 653 luxuriantur
592 619 659 669 opes.

125 670 242 724 Pascitur
252 677 303 739 hio,
314 679 350 727 ibi
359 682 440 744 pascit
451 697 512 747 ager
521 702 528 748 3
546 690 615 749 tepet
625 687 684 751 igue
694 686 803 751 muigno

157 753 207 805 Hic
218 756 298 821 fooua,
307 761 402 826 ingenti
414 762 507 814 lumino
517 764 585 816 lucet
595 766 639 816 ibi.

126 833 174 884 Hic
184 839 296 900 pretiosa
306 839 384 891 famas
395 845 606 911 oonturbauuque
616 848 751 914 mauolius3

157 917 247 968 Mensa
257 920 293 969 ibi
305 921 398 972 divitiis
410 925 477 974 ruris
488 933 576 991 operta
586 928 635 978 aui.

127 998 252 1060 Quattuor
261 1001 303 1051 hio
314 1011 409 1054 uastata
420 1012 494 1072 togae
504 1007 621 1072 pluresve
630 1016 762 1075 teruntur3
778 1010 781 1015 ’

155 1084 304 1132 Auotumnis
314 1084 350 1135 ibi
361 1102 401 1136 me
412 1095 530 1152 quattuor
540 1104 591 1139 uua
602 1091 671 1157 tegit.

123 1162 145 1224 Ι,
154 1163 206 1214 oola
217 1180 284 1214 uuna
295 1181 376 1232 reges,
388 1168 510 1233 quidquid
521 1186 571 1221 uon
580 1179 691 1238 praestat
702 1175 796 1223 amicus

155 1242 219 1294 Cum
231 1255 359 1310 praestare
371 1250 418 1299 tibi
428 1253 516 1315 possit,
529 1252 616 1316 Avito,
627 1253 701 1304 loous.
786 1290 802 1300 -

693 1352 757 1385 xcvi.

419 1501 536 1540 CCXXXV.

378 1602 458 1669 δῶρον
469 1605 572 1670 ἄδωρον.

165 1874 178 1913 5
189 1870 270 1931 ⁷7⁶⁴*-
295 1887 349 1937 Rus
361 1888 408 1938 hoo
419 1889 510 1953 diotre,
520 1905 565 1940 rua
575 1899 646 1956 potes
657 1893 766 1942 vocare?

184 1967 216 2017 Iu
226 1984 277 2033 quo
288 1975 346 2019 ruta
357 1968 418 2019 fauit
428 1985 516 2020 nemus
527 1971 635 2035 Dianae,

184 2050 301 2116 Argutae
313 2051 378 2116 tegit
388 2050 429 2100 ala
440 2052 506 2116 quod
516 2053 626 2112 cicadae,

185 2130 259 2191 Quod
270 2132 376 2182 formica
386 2131 427 2181 dia
437 2134 544 2185 oomedit
553 2150 614 2196 uuo,

184 2211 276 2263 Clusae
286 2215 328 2263 oui
338 2213 427 2263 folium
436 2230 509 2265 rosae
520 2232 612 2267 corona
622 2226 676 2282 θεῖς

183 2294 214 2344 In
225 2311 276 2360 quo
285 2311 336 2344 nou
346 2297 428 2361 magio
439 2297 565 2348 invenitur
575 2298 662 2357 herba,

184 2376 267 2437 Quam
278 2376 363 2428 Cosmi
375 2378 462 2428 folium
474 2380 575 2445 piperve
587 2382 690 2431 crudum
700 2402 708 2447 3

183 2459 214 2508 In
225 2475 275 2523 quo
285 2474 332 2508 neo
342 2461 453 2510 cucumis
464 2462 544 2511 iuuere
555 2470 648 2526 rectus,

183 2539 237 2590 Nou
248 2555 350 2606 serpeus
360 2541 476 2592 habitare
486 2549 541 2593 tota
550 2546 639 2609 possit,

183 2621 293 2672 Eruoam
304 2621 369 2671 male
380 2624 460 2687 pascit
469 2622 557 2673 hortus
569 2639 654 2674 uuam.

184 2701 339 2767 consumpto
350 2704 458 2754 moritur
468 2704 542 2753 culex
554 2705 649 2767 salicto,

184 2784 218 2834 Et
227 2783 297 2849 talpa
307 2793 345 2834 est
355 2784 418 2833 mihi
430 2784 510 2835 fossor
520 2793 597 2850 atquo
608 2795 698 2836 arattu.

186 2863 242 2914 Nou
254 2865 352 2915 boletus
363 2864 442 2925 hiare,
452 2881 502 2916 nou
513 2868 632 2917 mariscae
