2360 3598
274 423 301 453 1¹1
413 402 643 449 ANTHotoelu
670 404 811 446 LATINA.

591 608 637 643 vu.

451 712 562 765 Rudene.
597 710 659 764 Act.
671 728 691 763 1.
705 728 740 764 sc.
753 709 781 762 ii.

480 839 613 897 Daemones,
621 835 748 898 Sceparnio.

550 955 679 1019 Sceparnio.

277 1027 280 1034 ⁸
293 1021 388 1144 &l
395 1036 449 1090 ΕΙ),
461 1051 476 1084 ο
486 1036 629 1103 Palaemom
637 1043 719 1085 sancte
732 1036 840 1100 Neptuni
850 1051 938 1091 eomes,

320 1109 331 1120 s
350 1109 374 1143 ἡ

343 1175 350 1197 l

302 1139 367 1220 Θ
377 1125 388 1146 e
411 1115 508 1181 Quique
519 1116 626 1166 Hercule
637 1117 674 1164 illi
684 1118 764 1165 secius
774 1132 828 1165 esse
838 1117 933 1174 diceris,

667 1277 733 1338 Quid
743 1278 832 1327 vides?

801 1357 961 1408 Mulierculas

270 1438 352 1486 Video
363 1438 467 1487 sedentis
479 1439 504 1486 in
515 1439 606 1503 scapha
617 1439 679 1487 seles
690 1439 759 1489 dues.

271 1517 308 1565 Ut
318 1517 473 1566 adflictentur
482 1519 586 1567 miserue
595 1517 714 1583 l-Euge,
723 1520 798 1584 euge!
815 1519 921 1582 perbene

271 1598 313 1647 Ab
325 1613 386 1647 sexo
396 1599 487 1646 evertit
496 1598 586 1647 fluctus
596 1598 627 1647 ud
637 1598 695 1647 litus
706 1599 830 1663 scapham,

272 1678 358 1741 Neque
369 1678 518 1742 gubernator
528 1694 637 1743 unquam
647 1679 728 1743 potuit
738 1681 836 1728 rectius.

272 1759 329 1806 Non
340 1759 427 1807 vidisse
436 1760 514 1807 undas
524 1774 562 1807 me
573 1761 677 1807 maiores
688 1775 783 1809 censeo,

272 1838 359 1887 Salvae
369 1845 434 1900 suut,
446 1841 467 1888 si
478 1839 533 1888 illos
542 1839 632 1888 fluetus
641 1839 810 1889 devitaverint.

271 1918 352 1978 Nunc,
362 1934 427 1967 nune
438 1920 572 1982 periculum
582 1926 632 1967 est:
650 1919 720 1966 eiecit
730 1918 874 1976 alterum.—

270 1997 308 2045 At
319 1999 344 2045 in
353 1999 416 2047 redo
425 2006 476 2048 est:
494 2000 543 2046 iem
553 1999 623 2047 facile
633 1999 881 2064 enubit—Eugepce,

271 2077 372 2139 Viden',
383 2079 485 2127 alteram
496 2079 564 2126 illem
574 2087 603 2127 ut
612 2060 701 2126 fluctus
711 2080 783 2128 eiecit
793 2080 879 2155 fores?

271 2156 394 2218 Surrexit,
404 2158 502 2231 horsum
515 2174 541 2206 se
551 2160 662 2222 capessit.
696 2157 769 2208 Salve
778 2162 831 2210 res!

270 2233 377 2281 Desiluit
388 2233 447 2282 haee
458 2242 540 2282 eutem
550 2235 627 2282 alteru
636 2236 663 2282 in
673 2241 764 2282 terram
775 2252 789 2284 e
800 2237 897 2301 scapha.

271 2312 308 2360 Ut
317 2328 377 2376 prae
385 2315 472 2362 timore
483 2316 509 2362 iu
518 2329 599 2378 genue
607 2315 634 2362 iu
644 2314 722 2363 undas
733 2316 839 2365 concidit
845 2317 885 2363 l—

272 2391 345 2440 Sulva
355 2400 405 2443 est:
423 2395 500 2442 evasit
509 2409 541 2442 ex
553 2410 623 2458 aque„
656 2394 710 2442 Iam
720 2395 747 2442 in
757 2395 828 2444 litere
839 2402 884 2444 cst.

272 2470 320 2518 Sed
331 2471 516 2539 dextrovorsum
528 2489 614 2522 avorsa
623 2475 644 2522 it
654 2475 680 2521 in
689 2475 778 2522 melam
787 2491 892 2525 erucem.

270 2551 344 2614 Hem,
355 2553 447 2601 errabit
459 2542 528 2602 illaec
538 2554 618 2603 hodie.

302 2636 363 2682 Dae.
650 2634 715 2694 Quid
726 2635 753 2683 id
761 2634 837 2684 refert
847 2635 909 2683 tus?

301 2711 338 2761 Sc.
358 2710 384 2760 Si
394 2712 426 2761 ed
436 2729 524 2762 sexum
535 2729 583 2777 quo
593 2716 707 2778 capessit,
719 2730 748 2763 ea
758 2714 872 2764 deorsum
882 2714 957 2775 cedit,

269 2787 407 2842 Errationis
417 2793 502 2843 fecerit
512 2794 686 2867 compeudium.
