2360 3598
412 416 607 462 cantitans,

158 508 282 575 Egressm
293 510 379 559 curvis
390 526 405 559 e
416 510 532 562 litoribus
543 512 628 562 Piraei

159 588 265 656 Astigit
276 592 365 640 iniusti
376 594 444 658 regis
454 593 577 659 Cortynia
588 601 662 643 tecta

256 724 272 752 ἃ
372 723 387 751 Q
485 724 500 752 Q
598 725 611 754 Ο
710 724 723 753 Ο

160 832 235 883 Hunc
246 834 321 884 simul
333 851 364 886 ac
374 836 464 901 cupido
473 838 605 903 conspexit
614 836 708 886 lumine
717 837 788 903 virgo

160 915 250 980 Regia,
262 932 340 980 quam
351 918 435 967 suavis
445 918 565 983 expirans
574 927 658 968 castus
669 918 757 968 odores

159 995 279 1048 Lectulus
291 1000 318 1047 in
328 999 398 1048 molli
409 999 540 1064 complexu
550 1000 637 1049 matris
648 999 739 1061 alebat,

160 1077 253 1137 Quales
264 1079 377 1129 Eurotae
387 1080 541 1145 progignunt
551 1079 654 1128 flumina
665 1087 774 1144 myrtus,

161 1159 265 1209 Aurave
276 1161 408 1210 distinctos
419 1161 503 1210 educit
514 1176 591 1210 verna
600 1161 704 1224 colores,

162 1239 221 1289 Non
230 1243 305 1307 prius
316 1257 349 1291 ex
360 1242 403 1291 illo
412 1242 546 1308 flagrantia
556 1243 689 1292 declinavit

160 1322 279 1385 Lumina,
291 1339 367 1387 quam
378 1332 467 1374 cuncto
478 1327 591 1389 concepit
602 1339 705 1389 corpore
714 1324 840 1374 flammam

160 1403 286 1454 Funditus
298 1413 375 1470 atque
384 1407 441 1455 imis
452 1407 547 1456 exarsit
558 1414 612 1455 tota
621 1404 745 1456 medullis.

164 1485 222 1535 Heu
233 1487 325 1536 misere
336 1488 467 1553 exagitans
477 1488 569 1537 immiti
578 1487 652 1537 corde
661 1487 759 1537 furores

163 1564 256 1615 Sancte
268 1581 340 1630 puer,
351 1568 418 1616 curis
429 1566 557 1616 hominum
569 1568 614 1632 qui
623 1567 716 1634 gaudia
725 1567 823 1630 misces,

161 1645 283 1713 Quasque
290 1649 359 1713 regis
365 1647 464 1723 Golgos
468 1664 581 1712 quaeque
586 1649 694 1698 Idalium
700 1648 854 1710 frondosum,

162 1726 287 1788 Qualibus
298 1729 424 1778 incensam
434 1730 546 1779 iactastis
556 1736 640 1778 mente
650 1727 758 1793 puellam

160 1809 293 1859 Fluctibus
303 1811 331 1858 in
342 1810 406 1860 davo
417 1825 491 1876 saepe
502 1811 599 1875 hospite
610 1811 790 1875 suspirantem!

161 1887 276 1949 Quantos
286 1890 331 1939 illa
342 1889 401 1940 tulit
411 1891 541 1956 languenti
552 1890 626 1940 corde
634 1891 751 1940 timores!

162 1969 266 2031 Quanto
277 1987 352 2036 saepe
362 1973 443 2037 magis
452 1971 551 2038 fulgore
562 1971 685 2036 expalluit
695 1972 764 2021 auri!

161 2051 225 2103 Cum
236 2067 340 2102 saevum
349 2038 452 2117 cupiens
462 2061 550 2103 contra
560 2052 709 2102 contendere
720 2059 860 2102 monstrum

161 2132 216 2184 Aut
221 2145 329 2183 mortem
335 2141 464 2200 oppeteret
475 2134 587 2184 Theseus
598 2142 643 2184 aut
653 2135 766 2199 praemia
775 2132 866 2183 laudis.

161 2214 218 2264 Non
228 2217 331 2282 ingrata
342 2224 426 2266 tamen
436 2217 532 2266 frustra
542 2216 690 2266 munuscula
699 2216 764 2265 divis

162 2296 316 2347 Promittens
328 2299 405 2347 tacito
416 2298 544 2347 succendit
554 2304 613 2346 rota
624 2296 721 2346 labello.

162 2376 227 2427 Nam
238 2379 308 2429 velut
319 2380 344 2428 in
356 2395 453 2428 summo
464 2380 617 2443 quatientem
628 2377 731 2427 brachia
743 2377 827 2426 Tauro

162 2456 288 2518 Quercum
301 2468 346 2509 aut
356 2461 499 2525 conigeram
510 2459 611 2527 sudanti
621 2459 713 2508 cortice
724 2458 811 2522 pinum

161 2537 316 2589 Indomitum
327 2539 402 2591 turbo
410 2547 579 2604 contorquens
589 2539 691 2588 flamine
701 2539 787 2598 robur,

163 2617 236 2669 Eruit
247 2620 301 2683 (illa
313 2621 400 2686 procul
411 2621 533 2671 radicitus
544 2620 678 2670 exturbata

164 2701 246 2751 Prona
256 2703 334 2765 cadit,
345 2702 446 2768 lateque
457 2713 483 2751 et
494 2704 606 2751 cominus
617 2701 691 2750 obvia
701 2700 840 2766 frangens),

165 2778 204 2831 Sic
214 2781 308 2832 domito
319 2798 420 2832 saevum
431 2783 568 2848 prostravit
577 2797 680 2846 corpore
691 2780 803 2831 Theseus

164 2861 335 2930 Nequicquam
345 2865 417 2913 vanis
428 2865 563 2914 iactantem
574 2878 669 2913 cornua
676 2863 764 2913 ventis.
