2320 3590
388 425 582 469 HORATIUS.

212 518 281 568 Pone
292 535 333 568 me
343 522 423 585 pigris
435 521 476 570 ubi
487 521 557 570 nulle
568 521 662 585 campis

208 599 296 648 Arbor
307 602 402 650 aestiva
412 609 541 650 recreatur
551 617 622 662 aurs,

209 680 283 740 Quod
294 681 361 731 letus
374 684 460 732 mundi
470 684 576 733 nebulae
588 684 719 749 malusque

275 764 392 830 Iuppiter
403 773 493 832 urget3

208 877 278 927 Pone
289 879 336 928 sub
347 895 422 928 curru
433 880 537 929 nimium
548 882 682 945 propinqui

209 957 274 1008 Solis
284 961 310 1007 in
321 969 389 1010 terre
400 960 514 1010 domibus
525 970 618 1027 negata
629 981 635 1011 :

208 1039 288 1089 Dulee
298 1041 419 1091 ridentem
429 1042 541 1108 Lalagen
551 1043 648 1105 amabo,

274 1123 355 1174 Dulee
366 1126 517 1190 loquentem.

458 1296 536 1332 cxm.

406 1393 452 1445 Ad
462 1392 584 1463 Lydiam.

153 1484 176 1560 ᾗ
188 1544 201 1573 ἦ,
211 1488 226 1565 J
249 1500 363 1560 ONEC
374 1510 464 1567 gratus
475 1517 544 1550 erem
555 1501 602 1550 tibi

150 1580 171 1636 ,Υ
185 1570 231 1656 ζίὲῖἐκ
255 1580 259 1587 ’
299 1580 324 1628 N
325 1595 352 1628 ec
364 1581 496 1643 quisquam
508 1579 590 1643 potior
601 1579 716 1628 branchia
727 1578 846 1627 candidae

148 1647 260 1719 *flesso
280 1661 378 1712 Cervici
388 1662 485 1710 iuvenis
495 1660 578 1723 dabat,

209 1744 345 1794 Persarum
355 1744 425 1809 vigui
437 1758 496 1808 rege
507 1743 610 1792 beatior.

179 1868 277 1916 ‘Donec
287 1882 338 1917 non
348 1865 398 1915 alie
408 1867 489 1931 magis

207 1950 301 1997 Arsisti
313 1963 394 2011 neque
405 1958 460 1995 erat
471 1946 553 2013 Lydia
564 1953 621 2012 post
631 1944 735 2002 Chloen,

178 2030 251 2079 Multi
261 2029 344 2095 Lydia
355 2031 463 2077 neminis

208 2111 321 2160 Romane
331 2110 402 2174 vigui
412 2109 503 2158 clarior
513 2109 580 2158 Ilia)

177 2234 218 2284 Me
228 2250 295 2283 nune
308 2234 417 2282 Thsesra
428 2232 507 2283 Chloe
516 2235 583 2299 regit

206 2317 295 2367 Dulcis
305 2316 379 2366 docta
388 2316 474 2367 modos
486 2325 511 2365 et
522 2317 632 2367 citharae
644 2318 731 2377 sciens,

177 2399 226 2449 Pro
237 2415 287 2463 qne
298 2414 349 2446 non
360 2404 469 2446 metuam
480 2398 552 2459 mori,

208 2479 235 2530 Si
244 2488 349 2547 parcent
360 2481 457 2528 animae
469 2479 521 2528 leta
531 2481 666 2544 superstiti.

177 2607 234 2657 ‘Me
243 2614 323 2658 torret
334 2606 390 2655 fane
401 2612 488 2654 mutua

209 2689 315 2739 Thurini
327 2687 412 2738 Calais
422 2687 488 2736 filius
499 2687 600 2753 Ornyti,

179 2770 226 2819 Pro
236 2787 286 2835 quo
296 2771 337 2821 bis
348 2769 430 2834 patiar
440 2770 513 2829 mori,

209 2851 235 2901 Si
245 2860 350 2918 parcent
360 2866 438 2916 puero
448 2852 499 2900 fate
511 2853 653 2917 superstiti!
