<?xml version="1.0" encoding="UTF-8"?>
<!DOCTYPE html PUBLIC "-//W3C//DTD XHTML 1.0 Transitional//EN"
    "http://www.w3.org/TR/xhtml1/DTD/xhtml1-transitional.dtd">
<html xmlns="http://www.w3.org/1999/xhtml" xml:lang="en" lang="en">
 <head>
  <title>
</title>
<meta http-equiv="Content-Type" content="text/html;charset=utf-8" />
  <meta name='ocr-system' content='tesseract 3.04.00' />
  <meta name='ocr-capabilities' content='ocr_page ocr_carea ocr_par ocr_line ocrx_word'/>
</head>
<body>
  <div class='ocr_page' id='page_1' title='image "./anthologialatin02thacgoog_0265.png"; bbox 0 0 2310 3592; ppageno 0'>
   <div class='ocr_carea' id='block_1_1' title="bbox 315 368 861 431">
    <p class='ocr_par' dir='ltr' id='par_1_1' title="bbox 315 368 861 431">
     <span class='ocr_line' id='line_1_1' title="bbox 315 368 861 431; baseline -0.018 -12"><span class='ocrx_word' id='word_1_1' title='bbox 315 387 362 431; x_wconf 84' lang='lat'><strong>240</strong></span> <span class='ocrx_word' id='word_1_2' title='bbox 458 369 558 411; x_wconf 77' lang='lat' dir='ltr'><em>ANTE</em></span> <span class='ocrx_word' id='word_1_3' title='bbox 561 368 691 411; x_wconf 70' lang='lat' dir='ltr'><strong>onom</strong></span> <span class='ocrx_word' id='word_1_4' title='bbox 716 368 861 410; x_wconf 75' lang='lat' dir='ltr'><strong><em>LATINA.</em></strong></span> 
     </span>
    </p>
   </div>
   <div class='ocr_carea' id='block_1_2' title="bbox 378 463 968 927">
    <p class='ocr_par' dir='ltr' id='par_1_2' title="bbox 378 463 968 927">
     <span class='ocr_line' id='line_1_2' title="bbox 378 463 872 529; baseline -0.002 -17"><span class='ocrx_word' id='word_1_5' title='bbox 378 463 492 524; x_wconf 82' lang='lat' dir='ltr'><strong>Quantae</strong></span> <span class='ocrx_word' id='word_1_6' title='bbox 502 465 597 529; x_wconf 86' lang='lat' dir='ltr'><strong>putatis</strong></span> <span class='ocrx_word' id='word_1_7' title='bbox 607 480 660 513; x_wconf 89' lang='lat' dir='ltr'><strong>esse</strong></span> <span class='ocrx_word' id='word_1_8' title='bbox 671 479 713 512; x_wconf 87' lang='lat' dir='ltr'><strong>vos</strong></span> <span class='ocrx_word' id='word_1_9' title='bbox 725 463 872 521; x_wconf 86' lang='lat' dir='ltr'><strong>dementiae,</strong></span> 
     </span>
     <span class='ocr_line' id='line_1_3' title="bbox 378 543 927 610; baseline -0.004 -16"><span class='ocrx_word' id='word_1_10' title='bbox 378 545 427 606; x_wconf 81' lang='lat' dir='ltr'><strong>Qui</strong></span> <span class='ocrx_word' id='word_1_11' title='bbox 439 547 522 610; x_wconf 82' lang='lat' dir='ltr'><strong>capita</strong></span> <span class='ocrx_word' id='word_1_12' title='bbox 532 553 615 594; x_wconf 84' lang='lat' dir='ltr'><strong>vestra</strong></span> <span class='ocrx_word' id='word_1_13' title='bbox 625 561 675 594; x_wconf 91' lang='lat' dir='ltr'><strong>non</strong></span> <span class='ocrx_word' id='word_1_14' title='bbox 686 545 806 595; x_wconf 88' lang='lat' dir='ltr'><strong>dubitatis</strong></span> <span class='ocrx_word' id='word_1_15' title='bbox 815 543 927 600; x_wconf 85' lang='lat' dir='ltr'><strong>eredere,</strong></span> 
     </span>
     <span class='ocr_line' id='line_1_4' title="bbox 379 625 903 691; baseline -0.008 -14"><span class='ocrx_word' id='word_1_16' title='bbox 379 626 427 677; x_wconf 84' lang='lat' dir='ltr'><strong>Cui</strong></span> <span class='ocrx_word' id='word_1_17' title='bbox 438 627 582 676; x_wconf 75' lang='lat' dir='ltr'><strong>calceandos</strong></span> <span class='ocrx_word' id='word_1_18' title='bbox 591 643 664 675; x_wconf 89' lang='lat' dir='ltr'><strong>nemo</strong></span> <span class='ocrx_word' id='word_1_19' title='bbox 675 627 797 675; x_wconf 81' lang='lat' dir='ltr'><strong>commisit</strong></span> <span class='ocrx_word' id='word_1_20' title='bbox 805 625 903 691; x_wconf 75' lang='lat' dir='ltr'><strong>pedes?</strong></span> 
     </span>
     <span class='ocr_line' id='line_1_5' title="bbox 410 707 904 773; baseline -0.006 -15"><span class='ocrx_word' id='word_1_21' title='bbox 410 708 466 757; x_wconf 86' lang='lat' dir='ltr'><strong>Hoo</strong></span> <span class='ocrx_word' id='word_1_22' title='bbox 475 710 599 773; x_wconf 86' lang='lat' dir='ltr'><strong>pertinere</strong></span> <span class='ocrx_word' id='word_1_23' title='bbox 610 723 668 756; x_wconf 89' lang='lat' dir='ltr'><strong>vere</strong></span> <span class='ocrx_word' id='word_1_24' title='bbox 678 707 711 755; x_wconf 83' lang='lat' dir='ltr'><strong>ad</strong></span> <span class='ocrx_word' id='word_1_25' title='bbox 721 707 777 756; x_wconf 85' lang='lat' dir='ltr'><strong>illos</strong></span> <span class='ocrx_word' id='word_1_26' title='bbox 788 707 904 768; x_wconf 87' lang='lat' dir='ltr'><strong>dixerim,</strong></span> 
     </span>
     <span class='ocr_line' id='line_1_6' title="bbox 378 788 968 854; baseline -0.005 -15"><span class='ocrx_word' id='word_1_27' title='bbox 378 790 491 851; x_wconf 84' lang='lat' dir='ltr'><strong>Quorum</strong></span> <span class='ocrx_word' id='word_1_28' title='bbox 502 790 608 839; x_wconf 85' lang='lat' dir='ltr'><strong>stultitia</strong></span> <span class='ocrx_word' id='word_1_29' title='bbox 616 796 733 854; x_wconf 77' lang='lat' dir='ltr'>quaestus</span> <span class='ocrx_word' id='word_1_30' title='bbox 744 788 913 852; x_wconf 87' lang='lat' dir='ltr'><strong>impudentiae</strong></span> <span class='ocrx_word' id='word_1_31' title='bbox 924 795 968 836; x_wconf 82' lang='lat' dir='ltr'><strong>est.</strong></span> 
     </span>
     <span class='ocr_line' id='line_1_7' title="bbox 633 869 945 927; baseline 0 -6"><span class='ocrx_word' id='word_1_32' title='bbox 633 875 782 927; x_wconf 64' lang='lat' dir='ltr'><strong>fabularum,</strong></span> <span class='ocrx_word' id='word_1_33' title='bbox 792 869 849 921; x_wconf 83' lang='lat' dir='ltr'><strong>Lib.</strong></span> <span class='ocrx_word' id='word_1_34' title='bbox 863 885 883 920; x_wconf 91' lang='lat'><strong>1.</strong></span> <span class='ocrx_word' id='word_1_35' title='bbox 895 872 945 921; x_wconf 82' lang='lat' dir='ltr'><strong>xiv.</strong></span> 
     </span>
    </p>
   </div>
   <div class='ocr_carea' id='block_1_3' title="bbox 617 1224 718 1260">
    <p class='ocr_par' dir='ltr' id='par_1_3' title="bbox 617 1224 718 1260">
     <span class='ocr_line' id='line_1_8' title="bbox 617 1224 718 1260; baseline -0.02 -1"><span class='ocrx_word' id='word_1_36' title='bbox 617 1224 718 1260; x_wconf 77' lang='lat' dir='ltr'>CLXVII.</span> 
     </span>
    </p>
   </div>
   <div class='ocr_carea' id='block_1_4' title="bbox 549 1332 786 1411">
    <p class='ocr_par' dir='ltr' id='par_1_4' title="bbox 549 1332 786 1411">
     <span class='ocr_line' id='line_1_9' title="bbox 549 1332 786 1411; baseline -0.004 -1"><span class='ocrx_word' id='word_1_37' title='bbox 549 1332 621 1410; x_wconf 78' lang='lat' dir='ltr'><strong>Moli</strong></span> <span class='ocrx_word' id='word_1_38' title='bbox 632 1364 657 1410; x_wconf 85' lang='lat' dir='ltr'><strong>et</strong></span> <span class='ocrx_word' id='word_1_39' title='bbox 667 1358 786 1411; x_wconf 68' lang='lat' dir='ltr'><strong>Iunones</strong></span> 
     </span>
    </p>
   </div>
   <div class='ocr_carea' id='block_1_5' title="bbox 391 1458 923 1548">
    <p class='ocr_par' dir='ltr' id='par_1_5' title="bbox 391 1458 923 1548">
     <span class='ocr_line' id='line_1_10' title="bbox 391 1458 923 1548; baseline 0.002 -17"><span class='ocrx_word' id='word_1_40' title='bbox 391 1458 455 1533; x_wconf 57' lang='lat' dir='ltr'><strong>loss</strong></span> <span class='ocrx_word' id='word_1_41' title='bbox 477 1482 541 1532; x_wconf 88' lang='lat' dir='ltr'><strong>ULI</strong></span> <span class='ocrx_word' id='word_1_42' title='bbox 552 1483 650 1548; x_wconf 88' lang='lat' dir='ltr'><strong>gravati</strong></span> <span class='ocrx_word' id='word_1_43' title='bbox 662 1482 764 1531; x_wconf 80' lang='lat' dir='ltr'><strong>sarcinis</strong></span> <span class='ocrx_word' id='word_1_44' title='bbox 775 1482 846 1531; x_wconf 80' lang='lat' dir='ltr'><strong>ibant</strong></span> <span class='ocrx_word' id='word_1_45' title='bbox 857 1482 923 1532; x_wconf 75' lang='lat' dir='ltr'><strong>duoz</strong></span> 
     </span>
    </p>
   </div>
   <div class='ocr_carea' id='block_1_6' title="bbox 355 1461 1139 2606">
    <p class='ocr_par' dir='ltr' id='par_1_6' title="bbox 384 1461 471 1560">
     <span class='ocr_line' id='line_1_11' title="bbox 384 1461 411 1497; baseline 0 0"><span class='ocrx_word' id='word_1_46' title='bbox 384 1461 411 1497; x_wconf 68' lang='lat' dir='ltr'><strong>fn</strong></span> 
     </span>
     <span class='ocr_line' id='line_1_12' title="bbox 412 1525 471 1560; baseline -0.017 -12"><span class='ocrx_word' id='word_1_47' title='bbox 412 1539 415 1548; x_wconf 49' lang='lat' dir='ltr'><strong>t</strong></span> <span class='ocrx_word' id='word_1_48' title='bbox 435 1525 440 1547; x_wconf 84' lang='lat' dir='ltr'><strong>l</strong></span> <span class='ocrx_word' id='word_1_49' title='bbox 452 1529 471 1560; x_wconf 61' lang='lat'><strong>,2</strong></span> 
     </span>
    </p>

    <p class='ocr_par' dir='ltr' id='par_1_7' title="bbox 355 1525 1139 2440">
     <span class='ocr_line' id='line_1_13' title="bbox 359 1525 956 1638; baseline -0.003 -25"><span class='ocrx_word' id='word_1_50' title='bbox 359 1563 378 1612; x_wconf 49' lang='lat'><strong>¹«</strong></span> <span class='ocrx_word' id='word_1_51' title='bbox 388 1525 405 1638; x_wconf 21' lang='lat' dir='ltr'><strong>l&amp;</strong></span> <span class='ocrx_word' id='word_1_52' title='bbox 425 1561 471 1634; x_wconf 43' lang='grc' dir='ltr'><strong>ἦθ’)</strong></span> <span class='ocrx_word' id='word_1_53' title='bbox 499 1564 573 1614; x_wconf 86' lang='lat' dir='ltr'><strong>Unus</strong></span> <span class='ocrx_word' id='word_1_54' title='bbox 585 1563 682 1612; x_wconf 84' lang='lat' dir='ltr'><strong>ferebat</strong></span> <span class='ocrx_word' id='word_1_55' title='bbox 691 1563 764 1611; x_wconf 81' lang='lat' dir='ltr'><strong>fiscos</strong></span> <span class='ocrx_word' id='word_1_56' title='bbox 774 1579 832 1611; x_wconf 86' lang='lat' dir='ltr'><strong>oum</strong></span> <span class='ocrx_word' id='word_1_57' title='bbox 843 1565 956 1628; x_wconf 84' lang='lat' dir='ltr'><strong>pecunia,</strong></span> 
     </span>
     <span class='ocr_line' id='line_1_14' title="bbox 358 1635 1005 1693; baseline -0.005 0"><span class='ocrx_word' id='word_1_58' title='bbox 358 1635 472 1693; x_wconf 47' lang='lat' dir='ltr'><strong>..sr‘l‘sstsr</strong></span> <span class='ocrx_word' id='word_1_59' title='bbox 501 1644 577 1693; x_wconf 87' lang='lat' dir='ltr'><strong>Alter</strong></span> <span class='ocrx_word' id='word_1_60' title='bbox 589 1651 711 1693; x_wconf 82' lang='lat' dir='ltr'><strong>tumentes</strong></span> <span class='ocrx_word' id='word_1_61' title='bbox 721 1643 800 1692; x_wconf 90' lang='lat' dir='ltr'><strong>multo</strong></span> <span class='ocrx_word' id='word_1_62' title='bbox 811 1659 897 1693; x_wconf 82' lang='lat' dir='ltr'><strong>saooos</strong></span> <span class='ocrx_word' id='word_1_63' title='bbox 910 1644 1005 1693; x_wconf 83' lang='lat' dir='ltr'><strong>hordeo.</strong></span> 
     </span>
     <span class='ocr_line' id='line_1_15' title="bbox 355 1724 874 1788; baseline -0.002 -14"><span class='ocrx_word' id='word_1_64' title='bbox 355 1726 410 1784; x_wconf 82' lang='lat' dir='ltr'><strong>Ille,</strong></span> <span class='ocrx_word' id='word_1_65' title='bbox 420 1741 493 1775; x_wconf 90' lang='lat' dir='ltr'><strong>onere</strong></span> <span class='ocrx_word' id='word_1_66' title='bbox 504 1725 581 1788; x_wconf 86' lang='lat' dir='ltr'><strong>dives,</strong></span> <span class='ocrx_word' id='word_1_67' title='bbox 592 1724 657 1774; x_wconf 86' lang='lat' dir='ltr'><strong>celsa</strong></span> <span class='ocrx_word' id='word_1_68' title='bbox 667 1725 762 1773; x_wconf 81' lang='lat' dir='ltr'><strong>cervice</strong></span> <span class='ocrx_word' id='word_1_69' title='bbox 773 1726 874 1787; x_wconf 84' lang='lat' dir='ltr'><strong>eminet,</strong></span> 
     </span>
     <span class='ocr_line' id='line_1_16' title="bbox 355 1806 1139 1881; baseline -0.003 -24"><span class='ocrx_word' id='word_1_70' title='bbox 355 1807 507 1872; x_wconf 87' lang='lat' dir='ltr'><strong>Clarumque</strong></span> <span class='ocrx_word' id='word_1_71' title='bbox 517 1806 580 1856; x_wconf 87' lang='lat' dir='ltr'><strong>collo</strong></span> <span class='ocrx_word' id='word_1_72' title='bbox 590 1808 666 1855; x_wconf 83' lang='lat' dir='ltr'><strong>iactat</strong></span> <span class='ocrx_word' id='word_1_73' title='bbox 678 1806 889 1871; x_wconf 64' lang='lat' dir='ltr'><strong>tintinnabulum</strong></span> <span class='ocrx_word' id='word_1_74' title='bbox 1138 1860 1139 1881; x_wconf 14' lang='grc' dir='ltr'><em>Χ</em></span> 
     </span>
     <span class='ocr_line' id='line_1_17' title="bbox 355 1887 908 1953; baseline 0 -16"><span class='ocrx_word' id='word_1_75' title='bbox 355 1887 444 1937; x_wconf 87' lang='lat' dir='ltr'><strong>Comes</strong></span> <span class='ocrx_word' id='word_1_76' title='bbox 455 1889 538 1952; x_wconf 86' lang='lat' dir='ltr'><strong>quieto</strong></span> <span class='ocrx_word' id='word_1_77' title='bbox 549 1888 663 1952; x_wconf 88' lang='lat' dir='ltr'><strong>sequitur</strong></span> <span class='ocrx_word' id='word_1_78' title='bbox 675 1894 701 1936; x_wconf 93' lang='lat' dir='ltr'><strong>et</strong></span> <span class='ocrx_word' id='word_1_79' title='bbox 711 1887 807 1952; x_wconf 80' lang='lat' dir='ltr'><strong>placido</strong></span> <span class='ocrx_word' id='word_1_80' title='bbox 817 1888 908 1953; x_wconf 85' lang='lat' dir='ltr'><strong>gradu.</strong></span> 
     </span>
     <span class='ocr_line' id='line_1_18' title="bbox 355 1968 852 2026; baseline -0.004 -8"><span class='ocrx_word' id='word_1_81' title='bbox 355 1968 446 2020; x_wconf 78' lang='lat' dir='ltr'><strong>&#39;Subito</strong></span> <span class='ocrx_word' id='word_1_82' title='bbox 456 1969 565 2018; x_wconf 85' lang='lat' dir='ltr'><strong>latrones</strong></span> <span class='ocrx_word' id='word_1_83' title='bbox 575 1984 609 2017; x_wconf 85' lang='lat' dir='ltr'><strong>ex</strong></span> <span class='ocrx_word' id='word_1_84' title='bbox 619 1968 716 2017; x_wconf 88' lang='lat' dir='ltr'><strong>insidiis</strong></span> <span class='ocrx_word' id='word_1_85' title='bbox 727 1968 852 2026; x_wconf 87' lang='lat' dir='ltr'><strong>advolant,</strong></span> 
     </span>
     <span class='ocr_line' id='line_1_19' title="bbox 356 2048 1007 2114; baseline 0.002 -15"><span class='ocrx_word' id='word_1_86' title='bbox 356 2051 475 2114; x_wconf 86' lang='lat' dir='ltr'><strong>Interque</strong></span> <span class='ocrx_word' id='word_1_87' title='bbox 486 2050 586 2098; x_wconf 84' lang='lat' dir='ltr'><strong>eaedem</strong></span> <span class='ocrx_word' id='word_1_88' title='bbox 596 2049 662 2098; x_wconf 85' lang='lat' dir='ltr'><strong>ferro</strong></span> <span class='ocrx_word' id='word_1_89' title='bbox 673 2048 768 2097; x_wconf 90' lang='lat' dir='ltr'><strong>mulum</strong></span> <span class='ocrx_word' id='word_1_90' title='bbox 778 2052 907 2110; x_wconf 84' lang='lat' dir='ltr'><strong>trusitant‚</strong></span> <span class='ocrx_word' id='word_1_91' title='bbox 1001 2091 1007 2105; x_wconf 84' lang='lat'><strong>.</strong></span> 
     </span>
     <span class='ocr_line' id='line_1_20' title="bbox 358 2131 958 2196; baseline 0.003 -16"><span class='ocrx_word' id='word_1_92' title='bbox 358 2133 488 2196; x_wconf 87' lang='lat' dir='ltr'><strong>Diripiunt</strong></span> <span class='ocrx_word' id='word_1_93' title='bbox 498 2147 620 2193; x_wconf 88' lang='lat' dir='ltr'><strong>nummos,</strong></span> <span class='ocrx_word' id='word_1_94' title='bbox 630 2131 760 2196; x_wconf 81' lang='lat' dir='ltr'><strong>negligunt</strong></span> <span class='ocrx_word' id='word_1_95' title='bbox 771 2131 819 2180; x_wconf 89' lang='lat' dir='ltr'><strong>vile</strong></span> <span class='ocrx_word' id='word_1_96' title='bbox 829 2131 958 2182; x_wconf 85' lang='lat' dir='ltr'><strong>hordeum.</strong></span> 
     </span>
     <span class='ocr_line' id='line_1_21' title="bbox 360 2213 880 2279; baseline -0.002 -15"><span class='ocrx_word' id='word_1_97' title='bbox 360 2214 486 2279; x_wconf 85' lang='lat' dir='ltr'><strong>Spoliatus</strong></span> <span class='ocrx_word' id='word_1_98' title='bbox 496 2214 574 2279; x_wconf 82' lang='lat' dir='ltr'><strong>igitur</strong></span> <span class='ocrx_word' id='word_1_99' title='bbox 583 2229 655 2262; x_wconf 82' lang='lat' dir='ltr'><strong>casus</strong></span> <span class='ocrx_word' id='word_1_100' title='bbox 665 2229 722 2262; x_wconf 87' lang='lat' dir='ltr'><strong>oum</strong></span> <span class='ocrx_word' id='word_1_101' title='bbox 731 2213 803 2262; x_wconf 87' lang='lat' dir='ltr'><strong>fleret</strong></span> <span class='ocrx_word' id='word_1_102' title='bbox 814 2229 880 2276; x_wconf 89' lang='lat' dir='ltr'><strong>suos,</strong></span> 
     </span>
     <span class='ocr_line' id='line_1_22' title="bbox 357 2294 1128 2362; baseline 0.004 -18"><span class='ocrx_word' id='word_1_103' title='bbox 357 2296 489 2360; x_wconf 78' lang='lat' dir='ltr'><strong>Equidem,</strong></span> <span class='ocrx_word' id='word_1_104' title='bbox 499 2296 581 2360; x_wconf 85' lang='lat' dir='ltr'><strong>inquit</strong></span> <span class='ocrx_word' id='word_1_105' title='bbox 592 2294 664 2356; x_wconf 89' lang='lat' dir='ltr'><strong>alter,</strong></span> <span class='ocrx_word' id='word_1_106' title='bbox 675 2311 715 2343; x_wconf 89' lang='lat' dir='ltr'><strong>me</strong></span> <span class='ocrx_word' id='word_1_107' title='bbox 726 2304 880 2344; x_wconf 86' lang='lat' dir='ltr'><strong>contemtum</strong></span> <span class='ocrx_word' id='word_1_108' title='bbox 892 2297 986 2362; x_wconf 83' lang='lat' dir='ltr'><strong>gaudeo</strong></span> <span class='ocrx_word' id='word_1_109' title='bbox 1124 2338 1128 2347; x_wconf 86' lang='lat'>.</span> 
     </span>
     <span class='ocr_line' id='line_1_23' title="bbox 358 2377 928 2440; baseline 0.002 -13"><span class='ocrx_word' id='word_1_110' title='bbox 358 2379 424 2428; x_wconf 87' lang='lat' dir='ltr'><strong>Nam</strong></span> <span class='ocrx_word' id='word_1_111' title='bbox 435 2378 498 2427; x_wconf 90' lang='lat' dir='ltr'><strong>nihil</strong></span> <span class='ocrx_word' id='word_1_112' title='bbox 508 2379 589 2440; x_wconf 88' lang='lat' dir='ltr'><strong>amisi,</strong></span> <span class='ocrx_word' id='word_1_113' title='bbox 599 2393 644 2426; x_wconf 84' lang='lat' dir='ltr'><strong>nee</strong></span> <span class='ocrx_word' id='word_1_114' title='bbox 657 2393 712 2426; x_wconf 92' lang='lat' dir='ltr'><strong>sum</strong></span> <span class='ocrx_word' id='word_1_115' title='bbox 722 2377 806 2426; x_wconf 90' lang='lat' dir='ltr'><strong>laesus</strong></span> <span class='ocrx_word' id='word_1_116' title='bbox 817 2378 928 2428; x_wconf 84' lang='lat' dir='ltr'><strong>vulnere.</strong></span> 
     </span>
    </p>

    <p class='ocr_par' dir='ltr' id='par_1_8' title="bbox 360 2458 987 2606">
     <span class='ocr_line' id='line_1_24' title="bbox 390 2458 987 2525; baseline 0 -16"><span class='ocrx_word' id='word_1_117' title='bbox 390 2460 446 2509; x_wconf 84' lang='lat' dir='ltr'><strong>Hoo</strong></span> <span class='ocrx_word' id='word_1_118' title='bbox 456 2466 604 2525; x_wconf 82' lang='lat' dir='ltr'><strong>argumento</strong></span> <span class='ocrx_word' id='word_1_119' title='bbox 616 2466 670 2508; x_wconf 89' lang='lat' dir='ltr'><strong>tuta</strong></span> <span class='ocrx_word' id='word_1_120' title='bbox 682 2467 721 2507; x_wconf 87' lang='lat' dir='ltr'><strong>est</strong></span> <span class='ocrx_word' id='word_1_121' title='bbox 732 2458 863 2507; x_wconf 91' lang='lat' dir='ltr'><strong>hominum</strong></span> <span class='ocrx_word' id='word_1_122' title='bbox 873 2463 987 2521; x_wconf 80' lang='lat' dir='ltr'><strong>tenuitas,</strong></span> 
     </span>
     <span class='ocr_line' id='line_1_25' title="bbox 360 2540 850 2606; baseline 0 -16"><span class='ocrx_word' id='word_1_123' title='bbox 360 2541 469 2606; x_wconf 81' lang='lat' dir='ltr'><strong>Magnae</strong></span> <span class='ocrx_word' id='word_1_124' title='bbox 480 2541 572 2605; x_wconf 81' lang='lat' dir='ltr'><strong>periclo</strong></span> <span class='ocrx_word' id='word_1_125' title='bbox 584 2548 642 2590; x_wconf 85' lang='lat' dir='ltr'><strong>sunt</strong></span> <span class='ocrx_word' id='word_1_126' title='bbox 651 2556 710 2605; x_wconf 79' lang='lat' dir='ltr'><strong>opes</strong></span> <span class='ocrx_word' id='word_1_127' title='bbox 720 2540 850 2590; x_wconf 72' lang='lat' dir='ltr'><strong>obnoxiae.</strong></span> 
     </span>
    </p>
   </div>
   <div class='ocr_carea' id='block_1_7' title="bbox 909 2623 990 2673">
    <p class='ocr_par' dir='ltr' id='par_1_9' title="bbox 909 2623 990 2673">
     <span class='ocr_line' id='line_1_26' title="bbox 909 2623 990 2673; baseline -0.049 -1"><span class='ocrx_word' id='word_1_128' title='bbox 909 2638 939 2673; x_wconf 88' lang='lat'><strong>11.</strong></span> <span class='ocrx_word' id='word_1_129' title='bbox 953 2623 990 2671; x_wconf 87' lang='lat' dir='ltr'><strong>vii.</strong></span> 
     </span>
    </p>
   </div>
   <div class='ocr_carea' id='block_1_8' title="bbox 0 0 1164 3592">
    <p class='ocr_par' dir='ltr' id='par_1_10' title="bbox 0 0 1164 3592">
     <span class='ocr_line' id='line_1_27' title="bbox 0 0 1164 3592; baseline 0 0"><span class='ocrx_word' id='word_1_130' title='bbox 0 0 1164 3592; x_wconf 95' lang='lat' dir='ltr'><strong> </strong></span> 
     </span>
    </p>
   </div>
  </div>
 </body>
</html>
