2304 3590
340 393 388 438 334
479 377 714 423 Aurnououlft
740 376 885 422 aarum.

340 468 414 523 Unde
425 472 575 539 Cupidineas
586 477 693 524 armavit
704 475 771 523 fama
782 476 896 541 sagittas.

340 550 400 605 Mile
411 557 549 621 pharetrati
560 558 651 608 ludunt
660 559 687 607 in
697 557 812 622 margine
822 557 922 615 fratrea

338 637 388 687 Ore
400 653 480 702 pares,
493 637 583 688 similes
594 639 691 700 habitu,
701 654 763 704 gens
774 636 855 688 mollis
864 637 995 687 Amorum.

338 718 393 768 Hos
404 719 538 786 Nymphae
549 722 666 785 pariunt:
681 719 751 769 illum
762 715 850 768 Venus
860 734 937 768 aurea
947 717 1023 767 solum

337 801 437 851 Edidit:
455 800 497 851 ille
507 802 575 851 Deos
585 801 730 867 caelumque
741 810 767 851 et
777 801 858 851 sidera
867 816 946 850 cornu

337 883 480 949 Temperat,
491 894 517 934 et
529 900 638 934 summos
649 884 767 948 dignatur
778 884 857 951 figere
868 900 956 949 reges:

337 965 373 1015 Hi
383 967 480 1031 plebem
490 967 590 1016 feriunt.
624 967 678 1016 Nec
688 974 772 1016 uetera
781 971 885 1015 numina
896 965 992 1015 desunt.

336 1049 386 1098 Hic
397 1048 495 1098 habitat
505 1048 574 1097 nullo
584 1050 719 1098 constricta
730 1048 843 1098 Licentia
852 1048 928 1109 nodo,

336 1130 372 1178 Et
383 1129 450 1178 flecti
461 1129 546 1178 faciles
556 1129 624 1192 Irae,
634 1131 742 1194 vinoque
752 1129 881 1179 madentes

335 1206 473 1269 Excubiae,
483 1207 664 1271 Lacrimaeque
674 1207 758 1264 rudes,
770 1214 795 1256 et
807 1214 895 1272 gratus
903 1214 1028 1256 amantum

334 1287 428 1349 Pallor,
439 1289 501 1337 etin
512 1288 600 1351 primis
610 1288 722 1337 titubans
733 1287 849 1337 Audacia
859 1288 944 1350 furtis,

335 1355 490 1434 Iucundiqne
501 1369 596 1431 Metus,
606 1376 632 1418 et
642 1384 692 1418 non
704 1384 792 1418 secura
802 1368 942 1433 Voluptas3

333 1452 368 1500 ut
378 1451 471 1500 lasciva
481 1449 566 1500 volant
576 1450 672 1499 levibus
683 1449 799 1499 Periuria
808 1451 906 1514 pennis.

334 1530 402 1591 Quos
412 1535 478 1582 inter
488 1532 603 1598 petulans
613 1532 665 1581 alta
675 1534 770 1581 cervice
781 1532 900 1581 Iuventas

333 1615 452 1664 Excludit
464 1613 565 1664 Senium
575 1614 640 1663 lucc.
674 1612 766 1663 Procul
777 1614 843 1662 atria
853 1613 934 1664 Divae

332 1696 480 1747 Permutant
491 1695 583 1756 radios,
595 1695 706 1760 silvaque
717 1695 831 1745 obstante
841 1698 974 1746 virescunt

333 1778 451 1827 Iemnius
462 1778 524 1827 haec
533 1778 609 1826 etiam
620 1776 725 1842 gemmis
735 1779 862 1827 exstruxit
871 1785 898 1826 et
908 1794 979 1836 auro,

332 1856 481 1906 Admiscens
491 1863 571 1905 artem
581 1856 671 1921 pretio,
681 1855 844 1920 trabibusque
855 1857 994 1923 maragdis

333 1938 468 2004 supposuit
478 1953 563 1987 caesas
574 1937 706 2001 hyacinthi
716 1952 779 2002 rupe
789 1937 925 1987 columnas.

330 2019 433 2084 Beryllo
444 2020 533 2084 paries,
544 2026 569 2067 et
580 2018 674 2084 iaspide
685 2017 781 2067 lubrica
792 2026 901 2084 surgunt

331 2101 431 2150 Limina
440 2120 447 2164 3
466 2099 646 2165 despectusque
657 2099 709 2148 salo
720 2098 832 2149 calcatur
842 2100 950 2152 achates.

330 2182 362 2231 ln
372 2182 454 2230 medio
463 2181 542 2246 glebis
552 2180 723 2230 redolentibus
733 2196 793 2229 area
803 2180 872 2230 dives

332 2264 440 2314 Praebet
450 2263 566 2312 odoratas
577 2277 682 2313 messes:
701 2262 742 2310 hic
751 2262 821 2313 mitis
832 2265 933 2320 amomi,

331 2346 380 2396 Hic
390 2347 471 2394 casiae
481 2352 580 2393 matura
591 2359 670 2407 seges,
679 2342 863 2408 Panchaeaque
873 2352 977 2411 turgent

329 2426 467 2491 Cinnama3
483 2440 530 2474 uec
540 2426 605 2473 sicca
614 2423 775 2473 frondescunt
783 2424 877 2474 vimina
885 2435 970 2492 costo3

330 2506 462 2571 Tardaque
473 2505 573 2555 sudanti
584 2511 721 2570 prorepunt
731 2503 844 2556 balsama
855 2506 933 2572 ligno.

880 2605 903 2637 v.
915 2594 998 2640 «te-96.
