2360 3598
408 392 457 433 Η]
460 390 564 435 onor]
568 393 590 435 U
591 393 616 435 S.
833 389 863 441 43

167 480 239 540 Quod
250 490 363 547 superest
373 485 434 545 arvi,
445 490 526 533 tamen
536 485 562 533 id
572 493 662 535 natura
672 501 717 534 sua
727 487 751 535 vi

168 559 282 611 Sentibus
292 563 408 622 obduoat,
419 565 446 610 ni
457 565 493 612 vis
503 564 611 612 humana
621 567 720 615 resistat

167 638 237 689 Vitai
247 657 322 690 eausa
332 642 414 690 valido
423 651 538 692 consueta
547 644 640 693 bidenti

166 720 295 785 Ingemere
305 731 332 771 et
341 730 432 771 terram
444 725 534 787 pressis
542 724 696 788 proscindere
706 727 801 774 aratris

167 799 252 850 sinon
262 802 380 851 fecundas
390 810 512 852 vertentes
521 820 619 853 vomere
629 803 713 868 glebas

166 879 302 944 Terraique
312 882 391 929 solum
402 882 542 946 subigentes
552 885 630 932 cimus
641 884 672 931 ad
683 890 759 942 ortus,

167 957 258 1023 Sponte
269 976 314 1009 sua
324 969 448 1024 nequeant
457 961 563 1025 liquidas
572 964 679 1011 existere
690 964 716 1009 in
727 976 811 1020 aurasr

165 1038 199 1087 Et
208 1046 293 1088 tamen
302 1041 426 1089 interdum
436 1057 526 1106 magno
536 1044 648 1106 quaesita
658 1043 742 1091 labore

164 1118 228 1168 Cum
238 1121 290 1168 iam
299 1136 345 1184 per
354 1127 434 1170 terras
444 1122 559 1170 frondent
569 1128 645 1186 atque
657 1124 738 1171 omnia
748 1123 844 1185 florent,

164 1199 219 1246 Aut
229 1201 312 1248 nimiis
322 1208 401 1250 torret
411 1201 547 1250 fervoribus
558 1202 681 1250 aetherius
692 1203 728 1250 sol

164 1277 219 1326 Aut
228 1280 305 1327 subiti
315 1287 444 1343 peremunt
455 1281 540 1329 imbris
549 1280 693 1345 gelidaeque
702 1283 813 1344 pruinae,

163 1357 304 1421 Flabraque
314 1366 443 1408 ventorum
453 1360 559 1408 violento
569 1360 668 1408 turbiue
679 1370 778 1409 vexant.

162 1431 296 1482 Praeterea
303 1450 382 1498 genus
391 1435 538 1484 horriferum
549 1441 640 1483 natura
649 1435 756 1483 ferarum

162 1504 294 1558 Humanae
301 1511 371 1575 genti
379 1511 497 1559 infestum
506 1518 620 1574 terraque
630 1512 741 1574 marique

162 1586 214 1635 Cur
225 1587 271 1636 alit
281 1595 357 1650 atque
367 1589 463 1651 auget?
479 1604 524 1637 cur
534 1589 592 1636 anui
603 1595 714 1652 tempora
723 1588 820 1637 morbos

163 1663 326 1727 Adportantl
342 1679 420 1727 quare
429 1679 494 1713 mors
505 1665 637 1712 immatura
646 1666 768 1727 vagatur?

163 1738 227 1786 Tum
238 1754 313 1802 porro
323 1755 394 1803 puer,
404 1747 434 1787 ut
443 1741 520 1788 saevis
529 1742 651 1803 proiectus
661 1741 693 1788 ab
705 1740 777 1788 undis

163 1815 262 1877 Navita,
272 1816 354 1863 nudus
364 1816 434 1863 humi
445 1816 515 1873 iacet,
527 1816 616 1873 infans,
626 1816 724 1880 indigus
734 1819 799 1864 omni

163 1895 243 1944 Vitali
254 1896 356 1957 auxilio,
367 1897 541 1959 cumprimum
551 1897 576 1943 in
587 1895 686 1944 luminis
697 1911 753 1943 oras

148 1974 270 2024 -Nixibus
281 1991 315 2023 ex
325 1975 381 2023 alvo
391 1976 477 2023 matris
487 1982 576 2024 natura
586 1975 703 2040 profudit,

163 2054 309 2120 Vagituque
319 2055 400 2105 locum
411 2025 512 2120 lrlgubri
522 2055 636 2119 complet,
647 2063 675 2103 ut
685 2064 794 2103 aecumst

163 2133 210 2184 Cui
219 2142 317 2184 tanturn
328 2137 355 2184 in
365 2136 416 2183 vita
425 2142 501 2184 restet
511 2136 616 2184 transire
627 2136 754 2183 malorum.

164 2215 200 2263 At
209 2216 292 2264 variae
301 2220 415 2263 crescunt
425 2215 530 2278 pecudes
540 2223 651 2263 armenta
661 2215 776 2278 seraeque

164 2294 215 2343 Nec
224 2295 382 2360 crepitacillis
393 2310 455 2360 opus
464 2303 502 2344 est
511 2310 556 2343 nec
567 2297 681 2359 cuiquam
691 2295 854 2344 adhibendast

164 2374 250 2423 Almae
260 2375 365 2424 nutricis
376 2374 466 2423 blanda
476 2380 550 2438 atque
562 2374 668 2422 infracta
677 2374 792 2436 loquella,

164 2452 214 2502 Neo
225 2457 306 2503 varias
316 2459 441 2518 quaerunt
451 2461 533 2502 vestes
543 2469 589 2518 pro
600 2460 709 2517 ternpore
719 2453 788 2515 caeli,

163 2533 274 2598 Denique
284 2551 335 2584 uon
345 2535 423 2584 armis
433 2550 494 2598 opus
504 2542 550 2595 est,
561 2549 611 2582 non
620 2535 746 2582 moenibus
756 2534 821 2595 altis,

164 2611 211 2671 Qui
221 2629 266 2662 sua
277 2620 399 2672 tutentur,
411 2612 509 2676 quando
520 2613 632 2661 omnibus
643 2614 724 2660 omnia
734 2613 802 2677 large

163 2690 242 2742 Tellus
252 2696 306 2758 ipsa
316 2695 385 2758 parit
395 2699 532 2756 naturaque
542 2693 645 2742 daedala
655 2708 744 2742 rerum.

711 2789 732 2821 v,
744 2778 856 2822 200·234,
