2360 3598
398 419 606 462 censurius.
813 435 843 485 ¹⁷

154 510 224 570 Quae
233 510 268 559 sit
278 524 346 574 rogo.
380 508 493 559 Sororem
504 526 556 560 esse
567 512 638 559 aiunt
647 509 787 575 Chrysidis.

153 588 278 638 Percussit
289 589 346 638 ilico
358 590 473 638 animum.
505 591 581 639 Attat
592 591 638 639 hoc
648 590 709 639 illud
719 598 764 651 cst,

152 670 218 718 Hinc
228 669 285 717 illae
295 669 427 729 lacrumae,
439 670 499 718 haec
509 669 575 719 illast
585 670 756 719 misericordia

184 750 221 798 So.
239 749 321 809 Quam
332 751 415 811 timeo,
425 765 542 813 quorsum
554 751 658 799 evadas!

184 829 216 877 Si
629 830 715 877 Funus
724 831 821 880 interim

152 906 272 956 Procedit.
307 906 451 972 Sequimur=
469 910 501 957 ad
512 910 648 973 sepulcrum
659 909 785 959 venimus=

153 985 183 1034 In
194 988 276 1051 ignem
288 988 432 1050 inpositast:
449 988 528 1037 fletur.
561 988 661 1037 Interea
671 988 732 1037 haec
742 1005 819 1051 soror,

152 1066 234 1126 Quam
246 1066 308 1127 dixi,
320 1066 351 1114 ad
361 1066 483 1116 flammam
495 1069 596 1116 accessit
606 1067 784 1131 inprudentius,

153 1146 218 1195 Satis
227 1161 284 1195 cum
293 1145 392 1209 periclo.
419 1147 458 1195 Ibi
469 1155 521 1195 tum
530 1149 686 1196 exanimatus
696 1148 840 1212 Pamphilus

151 1225 218 1273 Beue
227 1224 406 1273 dissimulatum
418 1241 524 1274 amorem
533 1232 559 1275 et
569 1226 674 1275 celatum
686 1228 792 1277 indicati

150 1304 288 1353 Adcurritz
306 1304 411 1352 mediam
422 1305 548 1354 mulierem
558 1305 742 1369 complectitur:

151 1384 167 1410 “
180 1383 239 1430 Mea
249 1381 396 1444 Glycerium
405 1384 420 1409 ”
430 1384 511 1447 inquit
520 1386 537 1410 “
549 1384 609 1446 quid
619 1384 692 1448 agis?
709 1400 772 1448 quor
782 1393 807 1435 te
818 1389 839 1435 is

244 1461 367 1525 perditum
376 1461 410 1509 ?''

149 1539 214 1590 Tum
224 1540 276 1601 illa,
287 1547 316 1590 nt
325 1548 468 1590 consuetum
478 1542 550 1590 facile
560 1559 667 1592 amorem
678 1560 799 1608 cernercs,

151 1619 244 1670 Reiecit
254 1635 281 1668 se
291 1621 317 1668 in
328 1636 384 1669 eum
394 1619 455 1669 flens
466 1637 540 1685 quam
550 1622 710 1673 familiariter.

464 1870 519 1906 xv1.

303 1937 450 2020 Eculclmc.
489 1965 550 2021 Act
563 1984 594 2020 11.
608 1984 643 2020 sc.
656 1966 682 2019 ii.

373 2085 470 2136 Gnatho,
483 2082 600 2132 Pcmenc.

444 2193 540 2238 Gnatho.

156 2251 220 2341 ‘t
244 2271 264 2325 ,ζ
294 2268 444 2332 inmortales,
452 2269 545 2318 homini
552 2268 626 2318 homo
637 2269 696 2332 qnid
705 2261 832 2332 praestatl

152 2347 168 2412 ⁸3
188 2336 232 2418 '·Q
246 2347 265 2418 )’“”1
365 2347 447 2398 Stulte
458 2349 602 2414 intellegens
824 2332 830 2352 ⁸

148 2411 262 2482 '⁴332
284 2424 352 2484 Quid
362 2415 490 2483 interest!
507 2429 553 2476 hoc
562 2428 624 2476 adeo
631 2442 664 2475 ex
674 2427 720 2475 hac
729 2441 756 2474 re
767 2427 833 2475 venit

241 2508 267 2555 in
278 2514 385 2555 mentem
394 2507 455 2555 mihi
464 2527 471 2558 r
483 2488 492 2511 ⁰

143 2586 254 2637 Conveni
270 2585 341 2634 hodie
358 2586 488 2636 adveniens
505 2588 624 2652 quendam
641 2587 689 2635 mei
703 2584 753 2655 logi
765 2585 829 2649 hine

239 2671 315 2728 atque
326 2664 420 2714 ordinis

143 2740 277 2790 Hominem
292 2740 359 2789 haud
376 2741 490 2805 inpurum
506 2742 590 2815 Q
604 2742 686 2806 patria
702 2741 744 2804 qui
760 2740 802 2789 ab·

238 2816 380 2893 ligurricrat
390 2816 469 2866 bona:

495 2905 511 2941 o
