2304 3590
412 386 569 430 scurrus.
786 401 830 445 κω

119 481 253 533 caelatum
263 498 371 548 pugnas,
383 485 462 532 saevis
474 488 500 531 et
510 481 576 530 forte
587 481 717 529 rubentem

120 563 249 613 Bellorum
259 564 363 615 maculis
374 563 494 613 acclinem
504 570 530 612 et
540 563 661 627 conspicit
672 561 787 625 hestem3

121 644 258 694 Infremuit
269 646 392 710 torsitque
403 660 491 710 genes,
502 651 528 693 et
538 644 622 693 fronte
633 643 721 692 relicte

122 725 262 775 Surrexere
273 741 377 790 comae3
395 741 522 789 nusquam
533 724 652 773 mandate
663 722 781 789 parentis,

122 806 255 871 Nusquam
265 806 379 856 occultus
390 822 471 864 emor,
484 814 586 870 totoque
599 806 626 854 iu
639 814 738 870 pectore
749 805 826 853 Troia

174 908 176 912 ·
223 894 269 936 est

155 968 193 1017 Ut
203 968 253 1027 leo,
264 976 376 1018 materno
387 985 465 1034 quum
475 977 563 1035 reptus
573 968 605 1017 eb
616 969 692 1017 ubere
703 983 784 1015 mores

124 1049 232 1113 Accepit
242 1049 358 1113 pectique
370 1049 441 1098 iubes
452 1049 627 1113 hominemque
636 1048 717 1097 vereri

124 1130 244 1192 edidicit,
254 1129 387 1196 nullasque
397 1132 451 1181 ruit
461 1132 508 1180 nisi
521 1132 604 1181 iussus
615 1131 641 1178 iu
653 1131 713 1186 ires,

126 1210 154 1260 Si
164 1211 242 1261 semel
252 1211 357 1261 adverso
367 1211 476 1262 redierit
486 1212 580 1262 lumine
592 1212 695 1273 ferrum,

124 1293 230 1342 Eiurate
241 1291 304 1342 fides
316 1293 473 1358 domitorque
484 1295 608 1350 inimicus,
618 1295 646 1341 in
656 1293 725 1341 illum

124 1373 210 1423 Prima
221 1373 309 1432 fernes,
320 1374 458 1438 timidoque
468 1375 546 1439 pudet
556 1375 661 1424 servisse
673 1376 799 1439 magistro.

157 1454 195 1504 Ut
207 1470 267 1503 vero
277 1457 381 1503 accessit
392 1457 495 1520 propius
508 1456 602 1520 luxque
613 1454 712 1504 aemulo
723 1455 819 1504 vultum

126 1535 245 1584 Reddidit
255 1543 282 1583 et
293 1536 369 1584 simili
381 1551 407 1584 se
419 1535 520 1585 tendem
529 1536 594 1585 vidit
606 1536 634 1584 in
644 1550 714 1593 auro,

125 1618 232 1666 Horruit
243 1616 393 1682 erubuitque
405 1617 484 1669 simul.
519 1617 590 1666 Time
602 1632 659 1666 eser
669 1616 759 1665 Ulixes

125 1697 252 1746 Admotus
262 1697 335 1746 lateri
345 1697 469 1746 submisse
479 1713 551 1748 voce:
579 1700 587 1724 ‘
599 1698 666 1758 Quid
677 1698 764 1746 haeres
773 1698 784 1744 l

128 1776 243 1840 Scimus‚'
256 1778 301 1839 eit,
313 1779 320 1805 ‘
334 1786 362 1827 tu
373 1778 481 1827 semiferi
492 1777 609 1828 Chironis
620 1778 744 1835 alumnus,

127 1858 166 1908 Tu
176 1859 240 1908 caeli
250 1858 383 1924 pelagique
393 1875 485 1925 nepos3
502 1867 527 1909 te
537 1860 631 1909 Dorice
639 1859 734 1920 elassis,

127 1940 163 1990 Te
173 1950 218 1991 tue
229 1943 356 2005 suspensis
367 1948 483 2006 expectet
495 1940 603 1990 Graecis
614 1942 700 2007 signis,

127 2021 235 2087 Ipseque
248 2022 297 2069 iam
308 2020 391 2070 dubiis
400 2027 491 2071 nutent
502 2022 549 2070 tibi
560 2021 685 2087 Pergama
695 2024 780 2070 muris.

130 2103 185 2164 uta,
195 2117 252 2168 ege,
264 2117 352 2167 rumpe
363 2117 460 2166 mores3
478 2103 531 2151 sine
542 2102 638 2168 perfida
648 2102 740 2167 palleat
750 2102 804 2164 Ide,

129 2183 161 2232 Et
172 2184 243 2231 iuvet
251 2183 313 2231 haec
323 2182 410 2232 audire
421 2190 527 2247 petrem,
538 2183 679 2249 pudeatque
689 2184 798 2233 dolosum

130 2264 171 2314 Sic
180 2281 228 2331 pro
239 2272 264 2315 te
275 2265 388 2314 timuisse
399 2264 509 2314 Thetin!
541 2266 596 2314 Iem
607 2275 693 2330 pectus
703 2266 795 2314 amictu

130 2348 253 2411 chebet,
264 2363 342 2412 quum
352 2347 446 2412 grande
457 2345 526 2408 tube,
538 2348 573 2396 sic
584 2349 674 2409 iussus,
686 2346 799 2412 Agyrtes

131 2429 262 2495 Insonuit3
280 2429 382 2494 fugiunt
393 2429 505 2477 disiectis
516 2428 627 2493 undique
637 2428 718 2488 donis,

131 2511 310 2577 lnplorentque
321 2518 418 2574 petrem
429 2516 601 2573 commotaque
611 2509 707 2575 proelis
717 2508 830 2557 credunt.

132 2591 202 2642 Illius
212 2594 324 2641 intectae
335 2590 444 2639 cecidere
455 2607 471 2639 e
481 2598 579 2656 pectore
590 2598 677 2641 vestes.

133 2673 185 2722 Iam
196 2674 292 2739 clipeus
302 2672 450 2736 breviorque
461 2687 537 2720 msnu
547 2673 701 2722 consumitur
711 2671 821 2733 hesta,—

134 2753 201 2805 Mirs
211 2754 274 2805 fides
284 2753 489 2818 !-Ithecumque
500 2754 611 2804 humeris
622 2753 742 2803 excedere
753 2755 819 2802 visus

135 2835 305 2902 Aetolumque
316 2835 418 2887 ducem:
434 2841 533 2884 tentum
545 2836 627 2885 subite
639 2851 709 2884 erma
720 2835 835 2899 colorque
