2320 3590
289 442 321 487 9²
430 427 665 470 ANTHOLOGIA
691 428 836 470 amru.

289 521 348 582 Qua
358 523 430 587 niger
440 522 568 572 humectat
577 522 695 573 flaventia
705 524 773 573 culta
784 524 917 586 Galaesus,

288 602 424 668 Corycium
435 604 526 653 vidisse
537 620 630 667 senem,
641 607 681 653 cui
693 622 773 669 pauca
783 606 864 655 relicti

290 682 383 748 Iugera
393 686 460 733 ruris
471 693 552 747 erant,
562 702 607 735 nec
619 686 710 736 fertilis
722 687 764 736 ilia
775 688 895 748 iuvencis,

290 764 343 815 Nec
354 767 439 830 pecori
449 777 591 832 opportuna
600 783 681 832 seges,
693 785 738 817 nec
747 769 877 817 commoda
888 768 994 818 Baccho.

289 846 338 896 Hic
349 862 434 895 rarum
445 855 528 897 tamen
540 850 566 897 in
576 849 658 898 dumis
668 850 723 899 olus
733 850 840 913 albaque
850 851 945 899 circum

291 927 357 977 Lilia
366 928 536 992 verbenasque
547 946 662 995 premens
672 947 821 995 vescumque
831 947 950 997 papaver,

289 1009 387 1075 Regum
400 1010 524 1074 aequabat
535 1026 594 1075 opes
605 1013 704 1073 animis,
715 1027 820 1078 seraque
832 1022 961 1062 revertens

289 1091 369 1142 Nocte
379 1092 479 1141 domum
491 1092 598 1157 dapibus
608 1109 707 1143 mensas
717 1095 837 1144 onerabat
848 1096 971 1160 inemptis.

289 1174 390 1223 Primus
401 1189 459 1223 vere
469 1189 552 1223 msam
563 1182 639 1239 atque
649 1183 770 1225 autumno
780 1191 884 1241 carpere
894 1192 976 1240 poma,

288 1255 388 1305 Etcum
402 1257 483 1305 tristis
494 1256 590 1320 hiemps
600 1257 738 1306 etiamnum
749 1257 844 1322 frigore
856 1272 919 1305 saxa

289 1336 426 1401 Rumperet
435 1345 462 1386 et
471 1337 552 1402 glacie
561 1353 651 1386 cursus
662 1338 772 1387 frenaret
782 1353 915 1402 aquarum,
1005 1329 1011 1340 “

287 1417 332 1466 Ille
343 1433 438 1466 comam
449 1418 532 1467 mollis
542 1419 592 1467 iam
603 1418 721 1468 tondebat
731 1418 869 1484 hyacinthi,

289 1498 418 1548 Aestatem
430 1500 582 1564 increpitans
593 1515 673 1549 seram
685 1499 858 1565 zephyrosque
868 1501 992 1549 morantia

290 1579 359 1644 Ergo
369 1581 458 1645 apibus
472 1581 530 1630 fetis
543 1581 607 1629 idern
619 1588 696 1644 atquc
707 1582 822 1629 examine
834 1580 914 1629 multo

286 1660 388 1710 Primus
398 1661 526 1710 abundare
537 1669 564 1710 et
574 1662 716 1726 spumantia
725 1677 814 1726 cogere
825 1661 918 1725 pressis

288 1742 365 1791 Malia
377 1743 454 1807 favis3
473 1743 509 1791 illi
521 1743 588 1791 tiliae
598 1751 674 1808 atque.
685 1743 811 1791 uberrima
822 1744 912 1807 pinus3

286 1819 403 1884 Quotqua
415 1822 441 1869 in
452 1819 513 1869 flore
524 1835 588 1867 novo
599 1821 679 1884 pomis
691 1835 717 1868 se
730 1819 821 1868 fertilis
833 1819 907 1868 arbos

288 1900 417 1963 Induerat,
430 1902 534 1951 totidem
545 1909 666 1951 autumno
677 1910 776 1951 matura
786 1901 895 1950 tenebat.

289 1982 335 2031 lile
348 1984 423 2032 etiam
435 1998 503 2032 seras
515 1984 540 2031 in
551 1999 652 2032 versum
662 1982 760 2032 distulit
768 1982 848 2031 ulmos

288 2065 450 2129 Eduramque
461 2066 544 2130 pirum
555 2073 581 2114 et
594 2066 677 2129 spinos
689 2067 739 2114 iam
750 2080 832 2129 pruna
843 2064 946 2114 ferentis

287 2145 394 2212 Iamque
401 2147 584 2196 ministrantem
593 2146 722 2211 platanum
731 2146 875 2210 potantibus
884 2146 993 2194 umbras.

803 2242 826 2275 v.
841 2231 956 2275 llo-146.

596 2322 692 2356 sxxra

607 2418 689 2489 Aper.

311 2579 314 2585 .
328 2539 368 2630 ξ
417 2540 611 2592 RAETEREA
624 2557 706 2607 regem
720 2557 770 2589 non
781 2543 817 2592 sic
829 2546 958 2610 Aegyptos
968 2553 994 2595 et

296 2711 321 2759 εξ
330 2673 411 2764 “Q
432 2704 523 2770 Lydia,
532 2720 579 2753 neo
589 2703 674 2770 populi
684 2703 836 2784 Parthorum
847 2714 893 2756 aut
905 2706 995 2756 Medus

387 2786 521 2852 Hydaspes

288 2867 436 2919 Observaat.
470 2867 544 2933 Rege
556 2866 672 2916 incolumi
684 2881 752 2915 mens
764 2867 994 2937 omnibusunaest5
