2304 3590
306 399 353 454 με
447 393 682 438 sunnonem
709 392 855 437 narius.

304 487 413 553 Excipit,
424 498 450 538 et
460 488 528 538 solus
539 489 704 554 trepidantem
715 490 824 555 protegit
835 487 931 549 urbem,

306 569 393 632 Atque
405 569 460 618 ideo
470 579 604 635 postquam
614 571 647 620 ad
658 569 773 620 Cimbros
783 581 941 635 stragemque

404 650 523 701 volabant

306 731 357 790 Qui
368 747 503 795 numquam
514 734 652 797 attigerant
662 733 758 781 meiero
766 732 889 780 cadevera
898 729 972 786 corvi,

306 808 329 856 N
330 828 336 855 ‹
340 809 402 858 »bilis
412 819 516 859 ornatur
525 811 598 865 lauro
608 811 704 877 collega
714 810 829 860 secunda

304 887 418 936 Plebeiae
429 888 563 937 Deciorum
576 890 680 947 animae,
690 888 787 953 plebeia
798 887 901 936 fuerunt

305 968 329 1016 N
330 970 427 1018 omine:
445 984 491 1034 pro
500 970 560 1018 totis
571 968 712 1035 legionibus
722 969 750 1018 hi
761 977 846 1017 tamen
856 976 883 1019 et
892 984 938 1034 pro

304 1050 427 1099 Omnibus
438 1049 540 1100 auxiliis
549 1059 625 1115 atque
635 1052 702 1100 omui
713 1050 778 1115 pube
788 1049 881 1099 Latina

305 1130 436 1181 Sufficiunt
447 1131 486 1180 dis
498 1131 602 1181 infernis
613 1141 744 1196 terraeque
755 1134 872 1197 parenti3

303 1212 387 1262 Pluris
398 1214 463 1262 enim
475 1213 556 1275 Decii,
568 1229 643 1277 qoam
654 1228 718 1277 quae
728 1221 860 1262 servantm
870 1213 902 1262 ab
912 1212 967 1262 illis

663 1298 714 1343 Sat.
726 1293 776 1343 viii.
811 1309 834 1345 v.
847 1297 966 1343 aul-258.

341 1681 371 1727 ἴ
391 1714 413 1788 β
432 1686 514 1738 ISNE
525 1689 630 1738 salutari
641 1689 706 1737 sicut
716 1685 843 1736 Seianus?
860 1687 951 1737 babere

312 1759 316 1797 l
344 1789 376 1839 g
386 1799 389 1806 ν
398 1769 422 1808 '¹
449 1770 615 1829 Tantundem,
626 1777 700 1834 etque
712 1767 749 1817 illi
760 1783 869 1818 summas
880 1768 971 1818 donare
1031 1781 1035 1785 ·

317 1833 334 1907 ί
346 1848 348 1850 ’
378 1817 427 1893 ff.
518 1851 627 1914 curules,

305 1937 378 1984 Illum
391 1934 543 1984 exercitibus
555 1932 730 1998 praeponere?
749 1938 819 1981 tutor
830 1932 920 1982 baberi

305 2016 429 2081 Principis
440 2003 548 2079 augusta
558 2007 714 2091 Cepftisrum
725 2013 752 2061 in
763 2028 826 2077 rupe
836 2013 945 2064 sedentis

304 2099 368 2148 Cum
379 2112 456 2163 grege
468 2094 617 2144 Chaldaeo?
634 2095 671 2143 vis
681 2100 749 2143 certe
760 2092 812 2158 pila
821 2094 943 2156 cohortes,

304 2179 427 2246 Egregios
437 2177 538 2241 equites
548 2183 574 2224 et
584 2182 666 2225 eastra
677 2174 832 2224 domestica?
853 2175 939 2240 quidni

305 2262 374 2310 lineo
384 2258 492 2324 cupies?
509 2267 535 2307 et
546 2257 590 2318 qui
601 2256 690 2306 nolunt
700 2255 810 2306 occidere
822 2271 978 2321 quemquam,

303 2341 380 2389 Posse
390 2338 483 2388 volunt.
501 2337 550 2387 Sed
559 2353 623 2403 quae
635 2335 763 2401 praeclara
771 2344 797 2384 et
805 2352 926 2402 prospera
933 2338 1001 2394 tanti,

306 2422 342 2471 Ut
353 2422 428 2470 rebus
439 2420 512 2468 laetis
522 2433 570 2483 par
582 2420 615 2468 sit
625 2431 742 2465 mensura
752 2417 894 2465 malorum?

305 2505 396 2564 Huius,
408 2502 452 2567 qui
464 2499 583 2556 trahitur,
594 2505 752 2564 praetextam
764 2512 862 2546 sumere
873 2501 960 2560 mavis,

303 2591 349 2637 An
359 2584 510 2639 Fidenarum
521 2581 689 2632 Gabiorumve
699 2594 753 2631 esse
764 2587 884 2645 potestas,

304 2668 337 2715 ltu
347 2667 378 2714 ‹ie
388 2678 505 2714 mensura
516 2663 555 2711 ius
566 2661 656 2723 dicere,
668 2676 728 2709 vasa
739 2661 837 2709 minora

302 2748 430 2812 Frangere
439 2758 565 2810 pannosus
576 2742 661 2792 vacuis
670 2740 757 2791 aedilis
769 2739 874 2791 Ulubris

303 2827 370 2893 Ergo
380 2824 441 2891 quid
452 2824 589 2889 optandum
599 2823 672 2885 foret,
683 2822 813 2887 ignorasse
823 2821 898 2871 reteri
