2320 3590
333 410 378 452 ¹30
474 388 708 431 ANTHOLOGIA
734 388 879 430 LATINA.

332 486 405 533 Hune
415 500 462 550 ege
472 491 506 546 te,
517 483 634 548 Euryale,
644 483 736 548 aspicio
746 482 757 528 l
774 488 834 530 tune
843 481 884 531 ille
895 486 999 529 senectae

333 567 394 615 Sera
405 582 473 614 meae
484 568 592 630 requies,
600 566 703 630 potuisti
712 564 825 627 linquere
835 564 920 624 solam,

332 646 465 698 Crudelis?
481 663 526 695 nee
536 653 569 708 te,
582 647 628 695 sub
638 653 708 695 tauta
717 645 826 710 pericula
837 647 946 704 missum,

333 730 423 778 Adfari
434 735 573 777 extremum
584 729 687 776 miserae
698 727 757 775 data
767 729 838 792 eopia
848 728 941 775 matri?

333 811 399 871 Heu,
411 818 479 859 terra
487 811 572 874 ignota
580 808 684 857 canibus
695 809 751 857 date
761 809 854 873 praeda
865 808 960 857 Latinis

332 892 492 955 Alitibusque
502 892 567 939 iaces
576 892 582 937 !
599 906 644 940 nee
652 897 678 938 te
688 898 732 939 tua
742 889 830 939 funera
840 898 920 939 mater

332 973 452 1033 Produxi,
462 973 570 1036 pressive
580 972 672 1034 oeulos,
682 979 726 1019 eut
736 971 837 1021 volnera
847 971 905 1033 lavi,

333 1055 413 1102 Veste
425 1062 519 1118 tegens,
535 1053 580 1101 tibi
591 1069 667 1116 quam
678 1061 762 1102 noctes
773 1052 864 1101 festina
875 1053 974 1116 diesque

333 1136 479 1200 Urguebam
489 1144 515 1184 et
526 1135 576 1183 tela
586 1151 659 1185 curas
668 1134 766 1183 solabar
775 1135 855 1184 anilis.

334 1216 390 1281 Quo
412 1216 523 1280 sequar?
551 1224 595 1264 aut
616 1231 679 1280 quae
701 1232 766 1265 nune
787 1224 856 1264 artus
878 1215 1007 1278 avulsaque

432 1298 542 1346 membra

335 1380 369 1427 Et
379 1379 454 1427 funus
465 1380 573 1428 lacerum
584 1378 657 1427 tellus
668 1378 765 1428 habet?
783 1379 837 1428 Hoc
848 1379 910 1427 mihi
920 1378 950 1427 de
960 1386 991 1435 te,

335 1460 409 1519 Nate,
421 1460 520 1509 refers?
536 1461 582 1510 hoe
594 1476 648 1509 sum
662 1467 777 1524 terraque
789 1461 902 1524 marique
918 1459 1017 1509 secuta?

334 1542 418 1608 Figite
429 1559 477 1605 me,
488 1544 509 1591 si
521 1559 571 1606 qua
582 1550 621 1591 est
631 1544 720 1607 pietas,
729 1544 754 1590 in
765 1559 804 1590 me
814 1545 897 1592 omnia
908 1543 957 1591 tela

334 1625 486 1683 Coniicite,0
499 1624 593 1687 Rutuli,
605 1640 644 1673 me
655 1627 760 1689 primam
770 1625 892 1674 absumite
903 1625 981 1688 ferr03

336 1707 392 1753 Aut
403 1713 439 1767 tu,
451 1722 540 1770 magne
551 1714 622 1771 pater
631 1706 712 1754 divom
723 1708 839 1754 miserere
850 1713 942 1770 tuoque

336 1787 447 1834 Invisum
456 1787 502 1835 hoe
513 1786 615 1835 detrude
625 1793 701 1851 eaput
712 1786 758 1834 sub
769 1785 877 1835 Tartara
887 1786 945 1849 telo,

335 1867 442 1927 Quando
453 1867 525 1915 aliter
536 1883 630 1931 nequeo
640 1867 764 1916 crudelem
773 1867 921 1932 abrumpere
932 1869 1012 1917 vitam.

847 1965 870 1997 v.
886 1952 997 2000 473·497.

635 2084 729 2121 xcvm.

545 2178 681 2234 Aeneidos,
724 2179 785 2235 Lib.
798 2199 825 2235 x.

343 2353 351 2368 .
394 2295 418 2354 ἦ,
431 2296 470 2342 καὶ
482 2293 616 2358 κυανέῃσιν
626 2295 664 2343 ἐπ’
676 2295 765 2360 ὀφρύσι
776 2300 845 2345 νεῦσε
858 2298 978 2361 Κρονίων,

433 2689 514 2737 prima

339 2751 403 2800 Cum
414 2752 536 2817 deprensa
546 2754 656 2803 fremunt
667 2755 744 2817 silvis,
753 2763 780 2805 et
790 2773 864 2806 caeea
874 2758 987 2808 volutant

341 2830 480 2894 Murmura,
492 2841 607 2881 venturus
618 2836 700 2883 nautis
712 2835 840 2899 prudentia
851 2846 944 2887 ventos.
