2304 3590
399 372 577 416 LUCANUS.

417 539 567 575 CLXXXVIII·

317 635 423 689 Laudat
438 636 588 708 Pompeium
606 635 704 689 Colo-⁸

155 791 157 812 f
167 775 178 826 s
185 824 192 842 λ
199 811 201 816 2
208 773 224 814 ³²
247 829 254 843 y
276 776 325 826 ΟΝ
335 783 419 825 tamen
427 777 459 826 ad
471 777 560 842 Magni
567 777 679 842 pervenit
686 775 782 841 gratius
790 791 845 824 um·

165 841 173 896 '·
220 855 235 869 “’
356 858 415 907 bras
575 915 578 919 ,

292 939 372 988 Omne
383 939 450 1004 quod
461 941 488 989 in
498 955 602 1005 superos
613 939 690 988 audet
703 939 814 988 convicia

243 1020 342 1086 vulgus,

145 1102 343 1168 Pompeiumque
354 1102 407 1152 deis
418 1102 502 1161 obicit,
513 1117 588 1166 quam
599 1117 680 1166 pauca
690 1100 793 1150 Catonis

144 1185 241 1247 Verba,
250 1185 293 1234 sed
305 1201 320 1233 a
330 1185 403 1249 pleno
413 1185 539 1233 venientia
549 1191 649 1249 pectore
659 1185 719 1232 veri.

144 1266 229 1315 ‘Civis
237 1266 308 1328 obit,’
320 1268 410 1330 inquit,
421 1272 427 1295 ‘
437 1265 517 1315 multo
527 1266 662 1314 maioribus
671 1266 752 1330 impar

143 1347 225 1396 Nosse
236 1346 337 1395 modum
349 1348 420 1410 iuris,
432 1348 474 1396 sed
485 1348 510 1395 in
520 1347 567 1396 hoc
577 1354 661 1396 tamen
671 1347 741 1396 utilis
753 1363 823 1404 aevo,

145 1428 192 1479 Cui
203 1445 254 1477 non
263 1428 316 1477 ulla
325 1428 374 1478 fuit
384 1430 444 1478 iusti
453 1430 606 1493 reverentia3
624 1428 693 1477 salva

145 1510 274 1561 Libertate
283 1517 380 1576 potens,
392 1519 418 1560 et
428 1510 495 1560 solus
500 1511 578 1575 lplebe
588 1519 679 1575 parata

146 1592 264 1642 Privatus
276 1584 372 1669 servirq
381 1592 435 1650 sibi,
447 1598 578 1656 rectorque
588 1599 697 1648 senatus,

146 1673 194 1723 Sed
203 1675 343 1740 regnantis,
353 1680 414 1723 erat
448 1673 493 1722 Nil
502 1673 562 1721 belli
572 1675 627 1721 iure
638 1675 751 1738 poposcit
762 1693 767 1723 :

145 1754 265 1820 Quaeque
276 1756 331 1804 dari
342 1754 429 1814 voluit,
440 1755 518 1803 voluit
528 1753 578 1803 sibi
588 1770 661 1819 posse
671 1756 768 1820 negari.

145 1835 293 1886 Immodicas
304 1837 414 1901 possedit
423 1852 491 1901 opes,
502 1836 545 1885 ssd
554 1835 628 1900 plura
638 1837 741 1886 retentis

146 1917 236 1968 Intulit
248 1938 254 1968 ε
272 1919 363 1967 invasit
374 1919 478 1980 ferrum,
490 1917 534 1966 sed
545 1932 638 1982 ponere
647 1925 730 1967 norat.

145 1999 270 2051 Praetulit
279 2016 350 2049 arma
360 2007 434 2066 togae
445 2019 451 2049 ε
469 2000 512 2049 sed
522 2015 609 2065 pacem
620 2006 732 2049 armatus
743 2002 842 2050 amavit

144 2081 212 2131 Iuvit
222 2089 306 2131 sumta
315 2081 411 2144 ducem,
419 2081 482 2130 iuvit
493 2081 594 2130 dimissa
603 2087 719 2145 potestas.

146 2161 222 2212 Casta
240 2162 337 2225 domus,
355 2163 467 2227 luxuque
485 2177 582 2222 carens,
593 2169 762 2227 corruptaque
778 2178 849 2212 num·

243 2258 320 2307 quam

149 2322 260 2374 Fortuna
267 2325 367 2374 domini.
401 2324 504 2374 Clarum
514 2331 540 2373 et
551 2324 691 2373 venerabile
702 2341 792 2374 nomeu

151 2404 282 2469 Gentibus,
292 2413 319 2454 et
328 2405 433 2454 multum
443 2412 544 2454 nostrae
555 2404 623 2468 quod
633 2404 751 2469 proderat
762 2407 827 2456 urb'a

152 2485 217 2535 Olim
226 2502 288 2536 vera
298 2486 370 2542 fides,
382 2485 451 2535 Sulla
461 2486 594 2550 Marioque
605 2488 722 2551 receptis,

151 2567 286 2618 Libertatis
296 2567 350 2617 obit
360 2586 366 2617 ε
382 2567 501 2632 Pompeio
510 2568 586 2617 rebus
596 2567 704 2626 ademto,

150 2648 221 2700 Nunc
230 2657 256 2699 et
266 2648 327 2698 ficta
335 2649 408 2713 perit.
442 2648 500 2698 Non
509 2650 560 2697 iam
569 2665 677 2714 regnare
687 2649 804 2714 pudebit:

150 2729 202 2780 Nec
211 2730 279 2780 color
289 2731 394 2795 imperii,
405 2745 450 2779 nec
460 2730 529 2781 frons
540 2732 588 2780 erit
598 2730 650 2779 ulla
661 2738 769 2782 senatus.

150 2810 173 2861 0
182 2811 253 2871 felix,
264 2811 305 2861 cui
318 2826 415 2861 summa
426 2811 479 2861 dies
489 2812 538 2861 fuit
548 2813 621 2862 obvia
631 2813 705 2871 vieto,
