2304 3590
307 413 353 457 260
435 405 669 449 Amosoeln
695 405 843 448 mm.

303 500 338 551 Et
347 502 388 552 cui
398 502 553 566 quaerendos
563 500 685 551 Pharium
696 501 776 552 soelus
786 502 880 553 obtulit
890 505 978 553 enses!

304 583 421 632 Forsitan
431 583 458 632 in
468 584 547 632 soueri
556 584 679 647 potuisset
688 585 771 634 vivere
781 599 869 650 regno.

307 662 376 712 Scire
386 663 459 726 mori,
469 678 523 713 sors
532 664 614 728 prims
623 664 695 725 viris,
706 663 749 713 sed
758 665 876 729 proxima
885 665 949 730 cogi

307 745 342 795 Et
351 745 413 794 mihi
423 745 445 794 si
452 744 512 795 istis
523 745 604 795 aliens
614 745 640 794 iu
651 746 708 794 inre.
717 746 841 803 venimus,

306 826 357 876 Fac
367 826 452 889 telem,
463 826 584 888 Fortuna,
594 824 683 875 Iubam
695 845 701 875 :
717 842 768 875 non
777 825 898 892 deprecor
908 827 974 877 hosti

309 906 419 969 Servari,
430 907 489 957 dum
499 924 540 957 me
550 914 631 957 servet
641 909 738 957 cervice
748 909 846 958 reciss'

779 991 815 1038 Ib.
829 1005 852 1037 v.
865 994 981 1040 les-214.

588 1156 719 1192 cuxmx.
734 1149 752 1159 ⁵

446 1265 512 1320 Cato
518 1283 571 1338 per
582 1266 693 1337 Libyam
705 1266 876 1336 iterfaciens.

313 1356 510 1607 &aa
516 1383 563 1433 deo
573 1382 670 1447 plenus,
676 1385 755 1433 tacita
762 1398 838 1447 quem
848 1391 935 1435 mente
942 1400 1014 1451 gere·

499 1463 552 1526 bnt,

450 1543 546 1594 Effudit
556 1544 645 1609 dignes
655 1544 740 1609 adytis
750 1560 765 1594 e
775 1551 877 1610 pectore
888 1562 964 1596 voees
975 1566 981 1595 :

310 1630 318 1653 ‘
327 1626 395 1687 Quid
404 1627 501 1690 quaeri,
512 1625 632 1687 Labiene,
643 1625 733 1675 iubes?
761 1626 807 1674 An
815 1626 883 1675 liber
895 1629 922 1676 in
931 1628 1006 1676 armis

312 1707 461 1757 Occubuisse
472 1706 546 1755 velim
555 1707 648 1771 potius,
658 1722 735 1770 qusm
745 1722 824 1772 regns
833 1707 943 1757 videre?

311 1790 355 1839 Au
365 1791 398 1839 sit
407 1789 460 1838 vita
469 1788 542 1848 nihil,
553 1787 597 1837 sed
607 1787 702 1854 longa?
720 1804 753 1837 sn
762 1787 864 1839 differat
874 1800 946 1840 setas
956 1792 968 1839 ἲ

311 1872 355 1921 Au
365 1877 453 1919 noceat
462 1871 500 1918 vis
510 1868 562 1919 ulls
571 1869 666 1952 buno!f
689 1869 855 1935 Fortunaque
865 1872 956 1937 perdet

312 1952 435 2016 Opposita
444 1952 536 2000 virtuts
545 1950 646 2000 minse?
663 1949 839 2015 laudandaque
850 1952 916 2002 velle

311 2033 351 2083 Sit
361 2033 431 2095 setis,
441 2040 467 2081 et
476 2047 614 2096 numquam
624 2047 739 2081 suoeessu
748 2041 846 2082 cresunt
855 2033 1008 2084 honestum?

314 2114 420 2176 Scimus,
430 2120 457 2163 et
467 2113 529 2163 hsee
541 2113 614 2163 nobis
623 2129 674 2162 non
685 2113 760 2163 ultius
769 2115 864 2164 inseret
874 2114 991 2165 Ammon.

314 2197 455 2246 Haeremus
465 2196 549 2246 cuncti
560 2195 666 2260 superis,
676 2195 820 2260 temploque
830 2204 939 2258 tenente,

315 2278 359 2327 Nil
369 2278 474 2326 facimus
484 2292 535 2325 non
545 2283 632 2342 sponte
643 2276 697 2325 dei:
714 2292 761 2325 nec
772 2278 876 2327 vocibus
887 2278 945 2329 ullis

316 2359 416 2409 Numen
425 2365 498 2424 eget:
515 2358 630 2424 dixitque
640 2358 716 2408 semel
727 2361 890 2410 nssoentibus
901 2369 986 2411 auctor

315 2439 444 2505 Quidquid
455 2441 517 2489 seire
528 2439 603 2489 licet:
620 2439 749 2489 sterilesne
759 2439 837 2506 elegit
847 2457 945 2499 suenus,

315 2522 353 2571 Ut
364 2528 465 2571 caneret
473 2520 568 2585 paucis,
578 2521 714 2584 mersitque
725 2520 773 2569 hoc
783 2521 888 2586 pulvere
898 2537 983 2571 verum
995 2540 1000 2569 :

316 2603 394 2652 Estne
405 2603 445 2651 dei
454 2601 534 2660 sedes,
543 2603 593 2651 nisi
602 2608 680 2662 terre,
691 2608 718 2652 et
728 2609 829 2666 pontus,
840 2610 867 2653 st
876 2602 930 2666 sir,

315 2682 589 2744 Esuselum,etvirtus?
608 2681 1015 2748 Superosqnidquserimnsultrs?

315 2759 429 2827 Iuppiter
440 2768 486 2820 est.
497 2763 669 2828 quodcumque
681 2764 757 2826 vides,
769 2780 928 2829 quocumque
938 2781 985 2814 mo·

411 2859 483 2893 vens.
