2360 3598
311 406 342 450 62
454 398 688 442 ANTHOLOGIA
715 399 860 441 LATINA.

310 494 373 543 Inde
385 493 472 558 pedem
484 509 568 559 sospes
579 494 660 543 multa
669 509 725 542 cum
736 491 809 542 laude
820 492 920 543 reflexit

310 576 460 625 Errabuuda
470 590 560 641 regens
570 576 640 624 tenui
651 576 757 641 vestigia
770 575 823 637 filo,

310 658 350 707 Ne
360 657 524 722 labyrintheis
534 672 548 705 e
559 656 666 706 flexibus
677 653 845 721 egredientem

310 739 382 788 Tecti
393 739 557 788 frustraretur
566 737 753 786 inobservabilis
764 752 842 786 error.

375 836 789 866 tflfissstfl

310 900 389 967 Saepe
401 901 469 949 illem
481 898 613 965 perhibent
623 899 722 950 ardenti
733 899 808 949 corde
819 899 942 950 furentem

311 981 453 1032 clarisonas
464 984 514 1030 imo
525 981 619 1031 fudisse
630 996 643 1029 e
654 989 753 1046 pectore
764 996 844 1039 voces,

310 1065 413 1112 Actum
425 1070 574 1127 praeruptos
583 1064 680 1111 tristem
691 1062 855 1112 conscendere
866 1069 971 1118 montes.

311 1143 385 1192 Unde
395 1145 471 1193 aciem
484 1145 510 1192 in
520 1142 604 1208 pelagi
614 1153 697 1192 vastos
708 1144 867 1208 protenderet
877 1154 971 1202 aestus,

310 1225 375 1274 Tum
387 1225 486 1274 tremuli
499 1224 558 1274 salis
568 1225 684 1274 adversas
693 1240 840 1290 procurrere
850 1227 877 1275 in
888 1227 969 1276 nudas

310 1306 398 1356 Mollia
408 1306 515 1356 nudatae
526 1306 652 1356 tollentem
663 1308 774 1371 tegmina
785 1322 865 1370 surae,

308 1389 396 1452 Atque
404 1386 467 1438 haee
477 1388 596 1437 extremis
604 1392 724 1436 maestum
735 1387 827 1436 dixisse
838 1388 955 1452 querelis,

310 1467 453 1533 Frigidulos
464 1467 514 1517 udo
525 1468 651 1534 singultus
663 1484 706 1517 ore
716 1470 830 1519 cientem.

342 1549 452 1599 ‘Siccine
462 1565 502 1599 me
512 1552 601 1614 patriis
612 1557 733 1608 avectam,
743 1550 847 1614 perfide,
857 1550 890 1599 ab
900 1553 962 1611 aris,

308 1631 417 1692 Perfide,
429 1630 526 1681 deserto
537 1630 633 1695 liquisti
644 1633 671 1680 in
682 1631 764 1693 litore,
775 1630 895 1681 Theseu?

309 1711 405 1761 Siccine
417 1711 544 1762 discedens
555 1712 667 1777 neglecto
677 1714 778 1762 numine
789 1714 873 1762 divum

309 1793 435 1842 inmemor
446 1793 479 1842 ab
489 1794 578 1842 devota
588 1794 688 1843 domurn
700 1795 812 1860 periergia
822 1795 928 1859 portas?

310 1874 419 1924 Nullane
430 1891 470 1925 res
481 1877 562 1940 potuit
572 1875 680 1924 crudelis
690 1874 790 1925 flectere
800 1877 891 1925 mentis

309 1955 467 2005 Consilium?
484 1957 530 2005 tibi
541 1954 611 2004 nulla
619 1955 668 2004 fuit
677 1954 808 2004 elementia
818 1966 928 2020 praesto,

309 2037 400 2086 Inmite
411 2046 440 2087 ut
450 2038 530 2087 nostri
540 2036 615 2085 vellet
627 2038 784 2085 miserescere
795 2035 901 2100 pectus?

308 2117 347 2166 At
357 2133 407 2166 non
418 2117 480 2166 haec
491 2117 617 2180 quondam
627 2115 699 2164 nobis
711 2116 833 2180 promissa
844 2115 933 2165 dedisti

309 2198 379 2248 Voce
391 2219 398 2249 ι
415 2199 477 2248 mihi
488 2214 537 2247 non
549 2197 610 2247 baec
621 2198 726 2246 miserae
738 2212 838 2262 sperare
847 2196 959 2258 iubebas,

309 2278 358 2328 Sed
368 2280 491 2348 connubia
500 2279 575 2340 laeta,
586 2278 630 2327 sed
641 2287 739 2344 optatos
750 2279 910 2344 hymenaeos,

309 2359 380 2419 Quae
389 2368 479 2410 cuncta
490 2362 557 2409 aerei
569 2360 712 2424 discerpunt
722 2361 794 2408 irrita
805 2360 882 2409 venti.

309 2440 374 2490 Tum
386 2443 434 2491 iam
447 2442 515 2492 nulla
526 2443 580 2490 viro
591 2443 684 2492 iuranti
695 2442 787 2491 femina
796 2441 891 2503 credat,

309 2521 386 2571 Nulla
397 2525 445 2572 viri
457 2532 539 2589 speret
550 2540 676 2573 sermones
686 2538 740 2573 esse
751 2523 836 2572 fideles
846 2542 854 2587 ς

309 2602 372 2662 Quis
383 2605 442 2653 dum
454 2605 548 2670 aliquid
559 2607 661 2670 cupiens
670 2606 768 2654 animus
775 2604 914 2670 praegestit
921 2605 1011 2671 apisci,

310 2684 353 2734 Nil
364 2695 477 2736 metuunt
488 2689 580 2748 iurare,
592 2688 654 2736 nihil
665 2688 810 2752 promittere
821 2695 943 2751 parcunt:

309 2766 359 2816 Sed
369 2768 442 2817 simul
453 2784 482 2817 ac
493 2768 602 2833 cupidae·
609 2769 698 2817 mentis
709 2769 800 2816 satiata
810 2767 887 2816 libido
896 2776 945 2829 est,

309 2847 385 2897 Dicta
395 2847 458 2898 nibil
468 2858 588 2911 metuere,
599 2847 660 2898 nihil
672 2849 783 2914 periuria
793 2856 889 2897 curent
