2310 3592
365 413 604 466 proruamus.
793 441 836 483 199

371 690 374 696 ,
444 654 567 700 exuvie

144 893 199 986 {⁸5
262 903 429 954 ARPEIUM
444 921 532 955 nemus
547 914 574 956 et
590 906 712 972 Tarpeiae
728 916 802 973 turpe

142 1044 260 1125 {4232in-
294 1068 379 1117 Faber
388 1077 415 1118 et
424 1070 522 1133 antiqui
533 1068 620 1116 limina
630 1076 704 1133 eapte
714 1068 789 1119 Iovis.

139 1149 221 1199 Lucus
232 1157 287 1199 erat
297 1148 359 1197 felix
369 1149 491 1198 hederoso
502 1148 618 1198 cauditus
629 1157 712 1205 autre,

171 1230 304 1296 Multaque
315 1230 412 1282 nativiss
418 1230 541 1295 obstrepit
551 1230 626 1279 arbor
636 1232 725 1295 aquis3

142 1312 345 1367 Silvanirameau
355 1311 452 1369 domus,
463 1327 513 1376 quo
523 1310 603 1360 duleis
614 1312 646 1361 ab
656 1320 727 1363 aestu

172 1393 270 1443 Fistula
275 1400 382 1458 ‚poturas
392 1393 430 1441 ire
440 1391 543 1441 iubebat
553 1408 619 1442 evea.

143 1474 216 1531 Hunc
226 1474 315 1524 Tatius
326 1473 493 1523 fontemualle
503 1474 643 1538 praecingit
654 1489 752 1536 werno,

173 1556 416 1621 Fidaquesuggesta
425 1546 509 1605 eastra
519 1563 621 1604 coronat
631 1555 716 1605 hume.

145 1635 208 1696 Quid
219 1645 273 1687 tum
286 1637 366 1686 Roma
377 1637 435 1696 fuit,
448 1635 549 1686 tubicen
559 1637 641 1686 vicina
651 1635 751 1686 Curetis

175 1717 238 1767 Cum
249 1725 365 1783 quateret
370 1717 442 1767 lento
451 1733 578 1767 murmure
590 1733 651 1766 saxa
662 1717 738 1781 Iovia,

145 1800 228 1863 Atque
239 1799 283 1849 nbi
294 1814 360 1848 nune
370 1799 445 1848 terris
456 1798 574 1848 dicuntur
584 1799 641 1848 iura
652 1799 769 1861 subeatis,

177 1879 282 1930 Stabant
289 1880 403 1932 Romano
412 1880 465 1944 pila
475 1879 569 1929 Sabina
579 1880 653 1929 fero?

136 1961 233 2015 ,Murus
242 1969 316 2011 erant
326 1967 439 2026 mentes3
454 1961 498 2010 ubi
509 1975 575 2011 nune
586 1970 625 2010 eat
635 1961 713 2012 Curia
725 1971 803 2028 septa,

175 2043 282 2092 Bellicus
292 2059 325 2092 ex
335 2043 379 2093 ille
390 2043 573 2093 fente’bibebat
583 2058 670 2108 equus.

148 2122 210 2173 Hine
221 2123 330 2190 Tarpeia
341 2124 403 2172 deae
414 2123 607 2174 fontemlibavit
618 2143 624 2171 z
639 2132 666 2173 at
678 2124 716 2173 illi

178 2204 291 2271 Urgebat
301 2205 411 2253 medium
420 2204 504 2254 fictilis
515 2221 579 2255 urna
590 2213 673 2270 eaput.

149 2286 180 2336 Iit
189 2289 249 2336 satia
259 2302 310 2337 una
320 2287 401 2335 malae
410 2287 494 2351 potuit
504 2302 571 2335 murs
582 2302 636 2335 ease
646 2287 753 2351 puellae,

179 2367 248 2428 Quae
258 2368 338 2417 veluit
347 2366 460 2416 flammas
470 2366 565 2429 fallere,
578 2367 668 2429 Vesta,
678 2369 756 2418 tuas?

149 2447 218 2499 Vidit
226 2449 337 2498 arenosis
353 2448 456 2496 Tatium
465 2448 596 2512 proludere
608 2450 702 2513 eampis

179 2530 297 2595 Pictaque
305 2546 350 2595 per
360 2529 439 2579 flavas
449 2545 521 2579 arma
531 2530 614 2579 levare
625 2530 704 2579 iubas.

151 2610 281 2677 Obstupuit
291 2613 359 2676 regis
371 2611 433 2659 facie
441 2619 467 2660 et
477 2611 603 2676 regalibus
615 2612 700 2673 drmit,

181 2692 297 2757 Interque
305 2693 395 2742 oblitas
406 2692 499 2742 excidit
509 2707 573 2741 urna
584 2707 683 2754 manus,

153 2771 226 2838 Saepe
236 2773 280 2823 illa
290 2774 429 2822 immeritae
439 2781 543 2841 causata
553 2780 592 2821 est
601 2773 683 2821 omina
694 2771 775 2828 lunae,

182 2853 213 2904 Et
224 2855 269 2905 eibi
281 2854 431 2921 tinguendas
442 2855 508 2903 dixit
517 2856 544 2903 in
554 2869 627 2904 amne
637 2869 727 2903 eomas.
