2304 3590
321 405 369 449 286
467 398 701 442 ANTHOLOGIA
727 399 874 441 LATINA.

320 493 471 559 Eurydicen,
481 508 632 558 quemquam
642 493 710 542 haud
720 492 756 542 illi
766 508 822 542 mea
832 508 894 542 cure
904 491 1008 542 dolendo

321 575 437 625 Cesserit
471 574 559 624 Hocne
571 576 654 624 ferens
664 591 727 624 onus
738 574 880 624 inlaetabile
891 576 979 623 matris

322 656 508 706 Tranasundam
518 658 613 722 gremio
623 657 635 705 i
652 672 716 721 quae
726 672 766 705 me
777 658 847 721 prius
857 658 908 704 ima
918 656 966 705 sub

419 737 520 786 umbras

322 815 425 882 Mergat
435 819 527 868 humus
536 818 559 868 i'
576 819 656 869 Simul
664 820 726 869 haec
737 827 854 883 terraque
863 827 890 867 et
901 819 1021 883 sanguine

418 899 515 948 vultum

321 979 429 1029 Sordida
438 981 587 1047 magnorum
597 983 664 1032 circe
675 983 783 1048 vestigia
792 997 883 1047 regum

321 1061 446 1125 Vertitur,
458 1073 484 1112 et
495 1065 570 1113 tacite
581 1064 749 1114 maerentibus
760 1066 860 1128 inputat
870 1062 958 1111 undas.

680 1149 732 1195 Lib.
744 1161 767 1195 v.
804 1160 826 1192 v.
839 1148 955 1194 599-637.

623 1416 723 1453 CXCVII.

599 1550 743 1621 Eurydice.

362 1675 372 1750 ζ
428 1667 433 1722 Ῑ
447 1688 535 1740 ALIA
546 1691 685 1742 vociferans
695 1692 745 1741 alia
755 1692 786 1741 de
796 1699 869 1757 parte
880 1701 1018 1758 gementem
1028 1689 1031 1693 ’

341 1777 374 1837 §j
398 1775 418 1848 Ξ
430 1761 441 1786 ”
463 1772 631 1838 Hypsipylen,
643 1775 799 1839 nequeenim
811 1773 855 1823 illa
865 1790 950 1824 comas
961 1790 1005 1823 nec

326 1843 378 1904 1⁸-
391 1839 445 1904 *220¹
542 1862 643 1919 pectora
653 1863 745 1916 servat,

321 1939 431 2005 Agnovit
440 1939 522 2001 longe,
532 1945 557 1985 et
568 1937 662 1984 socium
674 1936 803 2001 indignata
812 1938 924 1987 dolorem
935 1958 941 1987 :

319 2021 389 2070 ‘Hoc
406 2020 503 2082 saltem,
522 2034 537 2066 0
554 2033 678 2083 proceres,
697 2026 774 2083 tuque
801 2035 825 2077 ο,
845 2021 886 2069 cui
903 2021 1004 2086 pignore

419 2108 505 2150 nostro

318 2182 410 2232 Partus
423 2183 509 2243 honos,
519 2180 649 2245 prohibete
661 2180 739 2238 nefas,
750 2180 846 2231 auferte
857 2185 977 2247 supremis

318 2266 427 2314 Invisum
438 2263 559 2326 exequiis.
593 2261 661 2321 Quid
671 2278 698 2311 ae
707 2262 806 2312 funesta
816 2265 915 2328 parenti

319 2347 411 2395 Miscet
421 2354 446 2393 et
457 2345 482 2392 in
493 2343 586 2392 nostris
597 2350 723 2408 spectatur
734 2346 825 2408 etipsa
835 2345 934 2393 ruinis?

318 2426 367 2475 Cui
377 2427 447 2490 luget
457 2423 587 2487 complexa
598 2438 655 2472 suos
662 2423 690 2471 2³
725 2423 766 2474 Sic
775 2425 828 2474 fata
839 2434 941 2490 repente

318 2506 440 2564 Concidit,
451 2504 614 2569 abruptisque
624 2504 748 2554 obmutuit
757 2521 800 2555 ore
810 2506 924 2570 querelis.

277 2594 280 2651 l
350 2587 407 2635 Non
426 2601 497 2635 secus
516 2600 545 2634 ac
562 2585 643 2649 primo
659 2584 802 2635 &nudatum
821 2586 886 2636 lacte
902 2588 982 2635 iuven·

279 2692 282 2727 t
418 2682 483 2723 cum,

317 2748 366 2798 Cui
377 2748 489 2812 trepidae
498 2748 563 2796 vires
573 2753 599 2795 et
610 2746 678 2796 solus
688 2747 720 2795 ab
731 2747 808 2797 ubere
820 2751 929 2815 sanguis,

319 2828 368 2877 Seu
379 2828 442 2890 sere,
453 2843 497 2876 seu
509 2827 585 2876 duras
596 2828 681 2876 avexit
690 2835 776 2892 pastor
786 2828 819 2878 ad
830 2844 902 2893 aras3
