2310 3592
307 432 353 466 222
455 413 690 458 ANTHOLOGIA
716 412 862 457 LATINA.

305 508 387 572 Unde,
405 509 448 559 sed
464 509 551 559 audita
571 517 618 564 est.
638 508 731 570 ‘Quid
749 508 868 574 Agenore
885 514 953 569 nate,

402 599 559 657 peremptum

305 672 450 738 Serpentem
461 671 578 738 spectas?
595 678 621 720 et
630 677 659 720 tu
671 670 813 735 spectabere
826 670 944 734 serpens)

305 753 352 803 Ille
362 754 406 803 diu
417 753 532 819 pavidus,
542 753 636 818 pariter
645 768 703 801 cum
713 757 795 800 mente
805 751 912 800 colorem

306 835 459 889 Perdiderat.
468 834 600 900 gelidoque
611 849 695 882 comae
705 841 799 882 terrore
809 832 932 898 rigebant.

302 916 367 964 Ecce
378 916 425 965 viri
438 915 542 978 fautrix,
553 930 655 980 superas
666 914 768 974 delapsa
777 930 823 978 per
834 929 918 976 auras,

305 995 390 1046 Pallas
401 997 481 1057 adest,
491 1003 621 1060 motaeque
633 995 702 1044 iubet
713 1011 852 1060 supponere
862 1001 943 1043 terrae

306 1076 429 1141 Vipereos
442 1077 537 1140 dentes,
547 1077 633 1143 populi
645 1078 800 1127 incrementa
811 1077 900 1127 futuri.

307 1155 384 1206 Paret
395 1165 420 1207 et
432 1164 460 1206 ut
470 1173 557 1223 presso
568 1157 664 1207 sulcum
675 1158 794 1222 patefecit
804 1163 898 1219 aratro,

310 1236 412 1304 Spargit
422 1239 492 1288 humi
501 1241 589 1300 iussos,
599 1237 716 1288 mortalia
727 1239 832 1301 semina,
843 1238 936 1287 dentes.

306 1318 377 1381 Inde,
387 1320 435 1369 fide
446 1321 541 1369 maius!
559 1320 646 1385 glebae
659 1335 761 1385 coepere
771 1321 874 1380 moveri,

309 1400 443 1467 Primaque
454 1400 484 1450 de
495 1401 571 1451 sulcis
582 1402 647 1450 acies
658 1402 775 1466 apparuit
785 1401 882 1458 hastae,

304 1482 427 1547 Tegmina
437 1498 497 1531 mox
508 1484 617 1547 capitum
627 1483 693 1547 picto
704 1484 822 1531 nutantia
833 1497 903 1539 cono,

307 1561 370 1610 Mox
380 1562 479 1610 humeri
490 1570 624 1627 pectusque
635 1569 788 1626 onerataque
798 1562 917 1612 bracchia
927 1561 980 1611 telis

305 1643 433 1700 Existunt,
445 1644 583 1707 crescitque
594 1658 665 1707 seges
675 1643 781 1708 oiipeata
796 1645 915 1694 virorum.

307 1723 348 1773 Sic
359 1725 402 1774 ubi
413 1724 535 1774 tolluntur
546 1725 616 1774 festis
626 1725 714 1773 aulaea
725 1724 839 1787 theatris,

309 1805 417 1871 Surgere
429 1807 503 1871 signa
511 1805 600 1867 solent,
608 1807 764 1870 primumque
774 1807 906 1856 ostendere
917 1806 1005 1861 vultus,

308 1886 398 1936 Cetera
408 1886 546 1952 paulatim:
562 1886 709 1952 placidoque
721 1887 810 1936 educta
821 1895 908 1937 tenore

307 1968 373 2017 Tota
382 1975 477 2032 patent,
489 1968 588 2031 imoque
599 1967 675 2032 pedes
686 1969 711 2016 in
723 1968 837 2033 margine
849 1975 953 2033 ponunt.

841 2066 866 2100 v.
878 2053 974 2099 85414.

624 2151 706 2187 cnvrr.

593 2234 677 2289 Liber
689 2234 727 2288 xi.

543 2338 633 2405 Somni
644 2341 771 2414 spelunca.

316 2435 343 2520 ζ
354 2431 387 2461 ³¹
396 2431 424 2496 's'
438 2449 480 2500 ST
496 2467 573 2517 prope
589 2452 735 2503 Cimmerios
750 2451 827 2518 longo
843 2451 957 2517 spelunea

322 2527 431 2619 {js
516 2548 624 2594 recessu,

315 2629 336 2669 ,
353 2614 432 2664 ,ω’
453 2613 528 2663 Mons
538 2631 624 2677 cavus,
634 2615 718 2680 ignavi
711 2613 817 2663 'domus
826 2621 853 2663 et
862 2612 996 2680 penetralis

408 2692 510 2742 Somni·

308 2772 365 2833 Quo
375 2788 512 2838 numquam
522 2773 600 2823 radiis
610 2774 692 2823 oriens
702 2773 829 2824 mediusve
839 2774 957 2824 cadensve

309 2852 425 2902 Phoebus
435 2853 505 2904 adire
516 2862 607 2919 potest
641 2854 753 2904 Nebulae
764 2854 870 2922 ealigine
880 2856 972 2904 mixtae
