2360 3598
328 409 359 454 70
475 392 710 435 Aurnoroorr
736 392 882 436 tamur.

329 486 456 536 Submissa
466 486 570 552 placide,
581 486 767 551 blandiloquens
778 489 865 537 oratio.

327 569 428 617 Etenim
439 569 488 633 ipsi
498 568 524 616 di
535 583 628 634 negare
640 569 681 616 eui
691 568 754 616 nibil
765 576 908 633 potuerunt,

328 651 460 699 Hominem
471 666 511 699 me
522 650 646 715 denegare
658 651 714 714 quis
721 658 804 715 posset
814 650 888 715 pati?

327 732 382 796 Ego
392 730 431 779 bia
443 731 543 779 tricenis
555 731 626 778 annis
636 731 698 779 antis
710 732 763 779 sine
771 738 831 780 nota

328 811 411 875 Eques
423 826 539 860 romanus
549 826 582 858 ex
592 810 645 859 lare
655 827 771 876 egressus
781 827 836 860 meo

327 892 436 941 Domum
447 900 560 941 revortar
570 894 668 941 mimus.
704 891 831 941 Nimirum
842 892 889 942 hoe
900 894 939 941 die

328 973 386 1022 Unn
396 974 452 1039 plus
463 974 515 1022 vixi
525 973 588 1022 mihi
598 989 674 1038 quam
685 973 817 1022 vivendum
829 973 884 1023 fuit.

325 1055 446 1117 Fortuna,
453 1054 615 1104 immoderata
624 1055 650 1103 in
662 1054 726 1103 bono
738 1071 817 1119 aeque
828 1062 904 1119 atque
915 1056 941 1103 in
952 1055 1024 1111 malo,

327 1134 354 1184 si
366 1136 411 1184 tibi
422 1143 478 1184 erat
488 1134 594 1194 libitum,
604 1135 745 1185 litterarum
757 1135 871 1184 laudibus

325 1217 430 1266 Florens
440 1231 558 1266 cacumen
569 1225 668 1265 nostrae
679 1216 761 1265 famae
772 1215 896 1281 frangere,

326 1298 387 1360 Cur,
398 1315 455 1348 cum
466 1299 580 1359 vigebam
591 1298 709 1347 membris
719 1299 952 1364 praeviridantibus,

327 1379 474 1430 Satisfaeere
485 1380 577 1445 populo
587 1387 613 1430 et
623 1381 668 1429 tuli
678 1397 735 1430 cum
745 1388 854 1446 poteram
867 1382 929 1442 viro,

326 1462 383 1510 Nun
394 1462 528 1511 flexibilem
539 1477 579 1510 me
603 1465 752 1521 oncurvasti,
761 1471 790 1511 ut
800 1462 934 1527 carperes?

326 1542 400 1592 Nune
410 1559 451 1591 me
462 1559 512 1607 quo
523 1478 637 1618 deiicis?
645 1544 705 1608 quid
717 1543 750 1593 ud
761 1560 859 1592 saeuam
871 1542 976 1591 adsero?

327 1623 449 1672 Decorem
459 1623 553 1672 formae
565 1639 598 1671 an
609 1624 757 1688 dignitatem
767 1625 885 1688 eorporis,

325 1705 414 1754 Animi
423 1707 540 1753 virtutem
550 1719 584 1752 au
595 1705 662 1754 vocis
674 1705 797 1754 iucundae
809 1704 915 1754 sonum?

324 1786 362 1835 Ut
373 1785 464 1834 hedera
476 1801 577 1849 serpens
590 1788 655 1835 vires
667 1786 782 1835 arboreas
794 1794 874 1848 necat,

325 1869 366 1917 Ita
377 1884 417 1916 me
428 1875 538 1916 vetustas
549 1869 668 1932 amplexu
679 1884 800 1918 annorum
811 1876 905 1919 enecat.

328 1949 440 2016 sepulcri
451 1950 538 2000 similis
549 1951 611 1999 nihil
619 1952 668 2000 nisi
678 1967 768 2000 nomen
779 1953 879 2000 retineo.
