2304 3590
395 397 457 440 sm
463 396 553 440 TIUS.

191 493 243 543 Cur
253 494 319 560 plus,
329 493 416 553 ardua,
427 493 530 543 casibus
537 492 650 558 patetis?

192 575 244 625 Cur
255 591 329 625 saeva
340 576 393 625 vice
404 590 496 640 magna
507 590 557 623 non
568 572 721 623 senescunt?

193 655 233 706 Sic
243 666 331 707 natum
343 657 489 707 Nasamonii
501 656 625 706 Tonantis

193 737 253 788 Post
264 745 334 787 ortua
343 739 475 803 obitusque
487 738 631 786 fulminatos

192 819 311 885 Angusto
321 819 436 885 Babylon
446 820 537 884 premit
547 818 668 882 sepulcro.

194 899 235 949 Sic
245 902 324 950 lixum
334 900 434 950 Paridis
444 915 521 948 mauu
532 899 650 948 trementi

194 981 297 1031 Peliden
308 981 397 1031 Thetis
407 981 492 1030 obruit
501 979 638 1029 cadentem.

196 1061 237 1112 Sic
247 1063 310 1127 ripis
321 1078 370 1128 ego
380 1063 561 1111 murmurantis
572 1057 652 1109 Hebri

193 1143 252 1193 Non
262 1151 360 1193 mutum
369 1151 445 1209 ceput
455 1143 569 1208 Orpheos
580 1141 713 1205 sequebar,

196 1225 237 1274 Sic
249 1233 275 1275 et
285 1226 429 1275 tn—rabidi
438 1224 510 1275 nefas
521 1224 625 1290 tyranni
634 1225 674 1271 1-

196 1307 282 1357 Iussus
293 1307 456 1373 praecipitem
467 1306 551 1355 subire
561 1304 667 1366 Lethen,

195 1388 264 1437 Dum
275 1403 374 1453 pugnas
386 1386 455 1436 canis
465 1386 594 1451 arduaque
605 1400 664 1434 voce

194 1469 248 1518 Das
259 1468 349 1518 solatia
359 1467 496 1533 grandibus
510 1466 638 1531 sepulcris,

199 1550 220 1600 0
231 1550 314 1599 dirum
326 1549 419 1599 scelus!
439 1565 454 1597 o
466 1547 563 1598 scelus!
587 1547 701 1595 tacebia.'

199 1631 240 1682 Sic
251 1632 305 1681 lata
315 1638 354 1681 est
364 1630 501 1695 leviterque
512 1629 653 1678 decidentes

190 1713 303 1763 -Abrasit
313 1712 429 1762 lacrimas
439 1713 535 1760 nitente
545 1710 647 1775 plectro.

228 1794 267 1844 At
279 1802 315 1853 tu,
327 1809 371 1843 seu
382 1792 498 1858 rapidum
508 1792 559 1857 poli
570 1806 615 1855 per
626 1806 699 1839 axem

198 1875 290 1925 Famae
301 1874 418 1924 curribus
425 1873 514 1922 'arduis
525 1872 632 1933 levatus,

198 1956 255 2016 Qua
265 1963 373 2021 surgunt
382 1955 480 2017 animae
491 1955 653 2018 potentiores,

198 2038 291 2088 Terras
302 2037 408 2103 despicis
418 2044 445 2086 at
456 2035 571 2101 sepulcra
582 2034 649 2083 rides

198 2119 248 2170 Seu
259 2121 330 2185 pacis
339 2119 429 2169 merito
439 2133 527 2167 nemus
537 2116 661 2176 reclusum

198 2201 270 2251 Felix
281 2200 376 2266 Elysiis
387 2207 458 2249 tenes
468 2200 495 2248 in
507 2199 568 2254 oris,

197 2283 253 2343 Quo
265 2281 411 2332 Pharsalica
422 2280 497 2330 turba
506 2286 682 2345 congregatur,

198 2363 233 2414 Et
242 2370 268 2412 te
278 2362 362 2412 nobile
372 2378 473 2411 carmen
484 2361 640 2410 insonantem

199 2442 312 2509 Pompeii
322 2443 473 2493 comitentur
483 2450 509 2491 et
519 2440 628 2492 Catones
640 2459 680 2490 :-

198 2525 239 2576 Ta
249 2541 342 2594 magna
353 2541 423 2576 sacer
433 2534 459 2575 et
470 2526 591 2591 superbus
602 2524 692 2574 umbra

201 2608 290 2659 Nescis
301 2607 435 2672 Tartaron,
446 2616 471 2657 et
481 2607 568 2673 procul
577 2612 710 2656 nocentum

201 2692 284 2742 Audis
295 2691 409 2754 verbera,
419 2691 588 2756 pallidumque
599 2689 653 2738 visa

202 2773 293 2824 Matris
303 2772 418 2838 lampade
428 2772 532 2837 respicis
544 2770 711 2832 Neronem--

234 2854 312 2905 Adsis
322 2854 421 2904 lucidus
431 2861 458 2904 et
467 2859 570 2903 vocante
580 2851 652 2900 Polla
