2320 3590
382 422 586 466 rnnezusus.
806 444 838 487 99

131 516 186 566 Vix
197 517 308 575 tandem,
319 519 419 584 mugnis
429 518 513 568 Ithaci
523 519 673 568 clamoribus
684 526 764 577 nctus,

131 597 269 664 Conposito
280 601 378 664 rumpit
388 616 483 662 vocem,
494 609 520 649 et
530 615 571 649 me
582 599 690 649 destinet
701 615 768 650 true.

133 679 278 730 Adsensere
289 696 386 743 omnes,
396 689 432 743 et,
443 697 507 747 quse
518 682 567 731 sibi
577 683 683 745 quisque
694 682 807 744 timebat,

132 760 216 810 Unius
226 763 254 810 in
266 762 352 811 miseri
362 762 468 811 exitium
478 777 598 812 converse
607 762 695 811 tulere,

132 842 237 909 Iamque
248 842 303 892 dies
313 843 416 892 infunde
425 844 527 908 nderet3
544 843 607 893 mihi
618 857 689 893 sucre
699 847 791 909 pureri,

132 924 168 973 Et
178 923 260 973 sslsse
271 923 368 989 fruges,
378 930 405 974 et
414 925 507 973 circum
518 932 632 988 tempore
641 924 735 989 vittse3

133 1004 233 1070 Eripui‚
245 1004 337 1067 femor,
347 1005 399 1055 lete
409 1021 458 1067 me,
469 1016 495 1055 et
505 1005 604 1054 vinculu
614 1005 681 1070 rupi,

132 1085 285 1150 Limoscque
295 1084 353 1134 lucu
363 1092 517 1151 pernoctem
527 1086 649 1135 obscurus
659 1085 685 1134 in
696 1086 754 1136 ulnc

132 1165 239 1228 Delitui,
249 1164 310 1214 dum
321 1165 377 1214 vela
388 1165 486 1228 durent,
497 1169 519 1215 si
531 1166 596 1216 forte
607 1165 741 1216 dedissent.

133 1246 188 1296 Nec
197 1246 262 1296 mihi
275 1247 326 1295 inm
337 1248 445 1312 petrium
457 1248 587 1312 antiquum
598 1263 655 1313 spes
667 1247 719 1297 ulls
730 1248 839 1312 videndi,

133 1327 188 1377 Nec
197 1327 280 1378 dulcis
290 1336 364 1377 ustos
374 1336 572 1394 exoptatumque
583 1336 727 1394 parentem3

133 1409 203 1470 Quos
214 1408 252 1458 illi
262 1410 315 1459 fens
325 1417 350 1458 et
362 1425 454 1474 poenus
464 1410 497 1459 ob
507 1418 593 1460 nostra
603 1421 734 1475 reposcent

133 1489 243 1556 Effugis,
254 1498 281 1538 et
290 1489 390 1555 culpem
401 1490 465 1540 hunc
476 1492 623 1540 miserorum
634 1500 714 1540 morte
725 1492 835 1556 piabunt.

132 1571 208 1632 Quod
218 1579 244 1622 te
254 1587 301 1636 per
311 1587 414 1637 superos
423 1580 450 1622 et
459 1573 558 1622 conscie
568 1573 672 1621 numine
682 1574 745 1634 veri,

132 1652 218 1712 Per‚si
225 1660 327 1718 quaest,
336 1668 400 1717 quse
407 1660 484 1703 restet
490 1653 572 1702 adhuc
578 1652 725 1703 mortalibus
732 1669 835 1718 usqunm

132 1735 287 1784 Intemcnetn
296 1734 365 1793 fides,
376 1750 429 1797 oro,
439 1737 557 1784 miserere
567 1734 681 1784 laborum

133 1816 281 1878 Tantum,
291 1816 409 1865 miserere
421 1817 498 1865 enimi
509 1832 559 1864 non
570 1816 647 1881 digne
657 1815 767 1866 ferentis.

165 1897 214 1948 His
224 1897 334 1947 lacrimis
344 1899 422 1947 vitem
432 1897 529 1955 dumus,
536 1906 563 1946 et
570 1898 750 1946 miserescimus
759 1898 834 1948 ultro.

131 1980 190 2045 Ipse
201 1981 256 2028 viro
265 1980 362 2045 primus
372 1980 482 2029 municas
492 1987 568 2044 utque
578 1988 634 2028 ertu
644 1978 722 2028 levari

132 2061 228 2112 Vincln
238 2061 307 2111 iubet
317 2060 442 2123 Priamus,
453 2061 574 2124 dictisque
586 2061 622 2109 itu
632 2059 700 2109 fatur
710 2060 809 2126 amicis3

132 2142 253 2208 Quisquis
264 2158 300 2201 es,
312 2143 416 2191 umissos
427 2142 485 2191 hinc
496 2144 544 2190 ism
556 2141 701 2190 obliviscere
712 2140 817 2207 Gnei0s3

131 2223 226 2274 Noster
235 2225 295 2278 eris,
304 2223 418 2288 mihique
428 2222 489 2273 hnec
499 2222 608 2272 edissere
620 2236 678 2270 vers
687 2224 800 2288 regenti:

132 2303 188 2364 Quo
193 2304 285 2354 molem
290 2302 659 2369 huncinmanisequistutuerei
670 2304 834 2367 quisuuctorl

132 2385 229 2448 Quidve
240 2385 350 2451 petunt?
373 2401 437 2451 quue
448 2385 555 2451 religio?
575 2392 619 2433 aut
630 2399 695 2449 quue
705 2385 820 2435 mechina

227 2466 308 2517 belli?

131 2548 246 2598 Dixerat.
279 2548 335 2609 Ille,
346 2547 410 2597 dolis
422 2549 558 2598 instructus
568 2555 594 2596 et
605 2556 660 2597 erte
670 2546 784 2614 Pelasga,

132 2626 239 2678 Sustulit
248 2634 341 2676 exutus
352 2625 440 2676 vinclis
451 2625 484 2675 ed
495 2625 576 2675 sideru
586 2625 694 2691 palmes:

131 2708 192 2772 Vos,
203 2708 302 2758 aeterni
313 2708 396 2773 ignes,
407 2714 433 2756 et
443 2722 494 2755 non
505 2705 620 2756 violabile
630 2716 740 2755 vestrum

132 2789 218 2839 Testor
228 2804 332 2850 numen,
343 2789 389 2850 nit,
400 2803 445 2837 vos
455 2803 515 2836 eree
524 2803 645 2852 ensesque
656 2787 767 2848 nefandi,

132 2870 198 2931 Quos
208 2871 273 2938 lugi,
287 2873 416 2933 vittaeque
428 2868 511 2933 deum,
521 2883 585 2933 ques
593 2868 676 2921 hostia
685 2870 765 2934 gessi:
