2372 3596
406 669 514 721 LIBER
530 670 581 720 111.

278 1006 385 1057 dandique
393 1017 441 1046 mos
451 1006 578 1045 litterarum
596 1016 662 1045 omne
671 1018 741 1056 genus
751 1006 843 1047 iniecit:

138 1071 191 1112 adeo
201 1073 320 1123 scriptores
338 1083 407 1112 aurae
424 1071 539 1123 popularis
548 1071 691 1122 plaususque,
701 1084 767 1123 quam
778 1083 847 1113 verae

138 1137 196 1189 apud
216 1143 316 1190 posteros
336 1137 409 1177 famae
429 1137 592 1188 appetentiores
612 1136 711 1178 fiebantt
736 1137 791 1177 adeo
808 1149 846 1178 res

137 1203 348 1250 verbis,sentantiae
354 1203 468 1253 rhythmo,
475 1202 591 1252 ingenium
599 1202 845 1254 ardpostponebanun.

138 1267 224 1308 Verum
243 1268 299 1309 haec
316 1268 380 1314 vitia,
393 1279 451 1318 quaa
465 1268 577 1308 rhetorica
597 1279 673 1308 secum
691 1269 783 1309 induxit
803 1269 846 1309 dis·

138 1334 229 1386 oiplina,
243 1334 374 1385 quibasdam
391 1335 457 1374 rebus
474 1344 521 1373 non
542 1333 590 1373 dioo
610 1339 755 1380 excusantur,
770 1334 844 1385 aliqua

138 1407 213 1440 autem
224 1411 254 1439 ex
264 1405 327 1452 parta
337 1399 480 1448 mitigantur.

166 1463 213 1505 Sub
219 1464 315 1511 Tiberio,
322 1477 373 1505 aum
381 1464 453 1504 omnis
461 1463 554 1505 iioentia
563 1475 588 1504 ao
596 1464 704 1504 securitas
713 1475 726 1504 a
734 1464 843 1504 conviviis

137 1531 271 1582 circulisque
281 1532 378 1577 abesset,
387 1540 443 1581 quae
454 1531 546 1570 tandem
556 1530 627 1582 poesis
637 1542 685 1570 esse
695 1531 775 1581 potuit,
785 1542 842 1580 quae

138 1596 208 1636 animi
218 1607 298 1637 sensns
312 1596 432 1636 interiores
448 1599 559 1645 tangeret,
569 1596 606 1635 vel
623 1595 716 1635 affectus
726 1597 845 1637 vehemen-

137 1662 183 1702 tius
202 1663 367 1703 commovet-eti
393 1660 457 1701 Unde
474 1660 514 1700 vix
530 1660 661 1701 mirandum
677 1667 711 1701 est
727 1673 842 1714 operosam

138 1727 252 1779 quandam
262 1727 287 1768 in
296 1727 379 1768 humiii
395 1731 527 1775 argumento
543 1726 682 1775 diligentiam
698 1733 721 1767 et
737 1728 841 1767 frivolam

139 1793 281 1840 versificandi
306 1793 479 1833 ostentationem
501 1791 632 1835 invaluisse.
671 1792 691 1833 A
706 1793 843 1834 Neronianis

138 1859 275 1911 temporibus
285 1870 356 1909 nuque
367 1860 436 1898 donec
450 1857 478 1898 ad
489 1857 630 1898 Hadrianum
641 1863 734 1899 ventum
744 1865 786 1905 est,
796 1871 842 1898 non

139 1925 262 1966 defuerunt
271 1925 376 1975 quidem*
390 1928 475 1975 poetas.
504 1921 549 1970 Qui
562 1935 613 1975 epos
623 1915 731 1971 tractant,
741 1925 757 1964 ii
767 1924 845 1974 vergi·

138 1991 196 2030 lium
213 1991 242 2030 ad
259 2002 330 2031 unum
348 2000 425 2029 omnes
445 1987 487 2029 sibi
504 1989 636 2038 magistram
655 1995 760 2032 sumunt:
783 1991 845 2030 illius

139 2056 240 2106 vestigiis
250 2056 290 2096 alii
299 2056 388 2107 parcius
398 2055 600 2106 verecundusque,
612 2055 651 2095 alii
667 2057 766 2107 apertius
782 2056 846 2096 insis-

140 2126 206 2162 tunt:
224 2122 287 2161 iilius
305 2123 378 2162 calore
397 2132 423 2160 ao
443 2119 523 2172 spiritu
544 2122 675 2172 pierumque
694 2126 779 2164 carent.
806 2120 847 2161 Sin

141 2192 216 2228 autem
235 2198 262 2226 ex
284 2186 446 2237 Primariorum
464 2196 559 2226 numero
576 2186 691 2227 eximendi
704 2194 781 2235 erunt,
796 2199 848 2237 quo-

140 2253 238 2293 rundam
248 2253 308 2293 oertd
320 2253 385 2293 leotio
402 2252 516 2292 fructuosa
532 2262 605 2303 nequa
622 2263 714 2303 prorsas
725 2253 847 2293 iniucunda

142 2324 176 2359 est
184 2332 189 2367 ;
205 2319 345 2369 coloremque
354 2317 469 2369 proprium
478 2322 544 2368 atqua
554 2318 746 2358 animadversione
756 2318 848 2368 dignum

142 2384 242 2433 argentei
255 2384 313 2434 quod
322 2389 416 2423 vocatur
424 2383 474 2423 aevi
483 2383 602 2434 scriptores
611 2394 664 2435 prae
679 2395 703 2424 se
713 2384 798 2427 ferunt.

170 2449 254 2496 Primo,
263 2450 289 2489 in
308 2449 479 2501 des-,ripoinum
495 2454 561 2499 atque
578 2450 602 2488 in
619 2448 777 2490 similitudines
793 2450 849 2489 mul·

143 2521 189 2556 tam
205 2526 279 2567 nequa
291 2513 384 2555 omnino
396 2513 488 2554 inanem
507 2513 666 2566 impenderunt
675 2526 776 2567 operam
792 2527 848 2566 quae

143 2582 242 2634 quidem,
257 2579 338 2630 grandi
355 2579 452 2619 materia
472 2580 690 2631 repraesentantur,
706 2581 742 2620 vel
762 2586 851 2632 propter

164 2723 176 2748 θ
187 2723 293 2766 ίΜιιςηιιιιι
301 2727 411 2764 proventum
418 2724 516 2763 poetarum
524 2730 583 2756 annus
594 2721 624 2755 hic
638 2721 706 2756 attulit.
728 2721 775 2756 Toto
786 2731 850 2756 mense

144 2769 203 2813 Aprili
210 2769 272 2804 nulius
285 2768 424 2810 teredies,quo
433 2776 470 2801 non
484 2768 572 2803 recitaret
586 2768 667 2811 aliquis)
689 2769 737 2801 Ptin.
747 2770 781 2810 iio.
789 2778 803 2803 1.
812 2770 851 2803 xiii.

143 2823 194 2859 Subit
201 2823 287 2857 nimirum
296 2821 414 2865 proverbium
425 2818 479 2860 iliud,
489 2816 555 2856 romi
562 2832 589 2857 τοι
598 2814 726 2869 ναςθνρωφόςοι,
734 2821 799 2871 ταῦροι
806 2817 824 2858 di
832 2833 853 2858 rs

143 2878 221 2930 idota·

483 2952 524 2981 ou
