2320 3590
474 384 711 430 Auruotoolu
733 384 880 427 LATJNA.

613 527 752 563 Lxxxvnl.

567 609 669 664 Auerni
676 611 781 682 fauces.

365 742 404 802 ’,ᾖ
448 730 471 778 1,
487 715 579 779 quibus
598 716 724 780 inperium
745 720 785 762 est
804 712 957 771 animarum,
975 709 1032 758 Um·

351 808 352 840 3
366 843 367 848 ,
378 821 406 847 ti,
512 796 624 860 braeque
636 795 748 856 silentes,

338 865 360 907 “-
377 861 442 922 4¹:2¹.
464 875 499 924 Et
520 875 613 938 Chaos,
634 882 660 924 et
681 872 850 938 Phlegethon,
872 870 929 920 loca
951 877 1022 919 nocte

419 958 529 1005 tacentia
540 958 599 1014 late,

323 1033 362 1082 Sit
372 1036 434 1084 mihi
443 1037 481 1086 fas
492 1038 580 1087 audita
591 1038 676 1102 loqui3
695 1038 729 1086 sit
739 1036 842 1084 numine
852 1040 938 1083 restro

322 1113 436 1165 Pandere
445 1134 486 1168 res
497 1119 551 1167 alta
562 1127 631 1168 terra
642 1126 668 1168 et
679 1117 786 1182 caligine
797 1130 901 1164 mersas.

354 1194 430 1246 Ibant
440 1199 541 1248 obscuri
552 1199 605 1249 sola
616 1199 663 1248 sub
674 1205 747 1247 nocte
756 1212 802 1261 per
813 1195 937 1251 umbram,
1020 1189 1029 1202 ⁶

322 1275 421 1339 Perque
432 1278 519 1329 domos
531 1280 600 1329 Ditis
611 1296 704 1329 vacuas
714 1286 741 1328 et
752 1278 838 1326 inania
849 1292 944 1342 regna:

323 1353 404 1415 Quale
414 1371 459 1420 per
470 1358 592 1406 incertam
603 1357 691 1406 lunam
702 1357 748 1405 sub
758 1355 815 1403 luce
826 1354 938 1419 maligna

322 1437 369 1485 Est
379 1438 428 1486 iter
438 1438 465 1485 in
476 1438 554 1500 silvis,
565 1438 609 1487 ubi
620 1438 719 1487 caelum
729 1435 842 1486 condidit
853 1435 944 1484 umbra

321 1517 445 1582 Iuppiter,
456 1525 482 1566 et
492 1518 569 1567 rebus
580 1534 632 1568 nox
643 1518 750 1568 abstulit
761 1525 818 1567 atra
828 1517 945 1567 colorem.

321 1596 483 1646 Vestibulum
494 1607 553 1647 ante
566 1601 648 1664 ipsum
660 1601 799 1665 primisque
810 1600 837 1647 in
848 1598 964 1648 faucibus
975 1597 1034 1646 Orci

320 1677 415 1725 Luctus
426 1687 452 1727 et
462 1679 564 1728 ultrices
575 1696 681 1744 posuere
692 1680 787 1729 cubilia
798 1678 896 1743 Curae3

320 1756 495 1821 Pallentesque
504 1759 621 1808 habitant
631 1760 727 1822 Morbi,
739 1762 872 1824 tristisque
885 1759 1014 1818 Senectus,

320 1836 354 1884 Et
364 1836 457 1895 Metus,
465 1847 491 1886 et
501 1840 646 1889 malesuada
658 1841 760 1900 Fames,
772 1859 801 1890 ac
814 1844 895 1907 turpis
906 1841 1023 1906 Egestas,

320 1914 455 1966 Terribiles
465 1919 521 1967 visu
532 1919 638 1983 formae,
649 1920 801 1986 Letumque,
812 1921 961 1986 Labosque3

318 1993 384 2042 Tum
395 2002 595 2063 consanguineus
603 2001 663 2051 Leti
675 2003 766 2069 Sopor,
778 2013 804 2053 et
815 2003 882 2052 mala
893 2003 985 2051 mentis

319 2075 427 2139 Gaudia,
438 2082 649 2148 mortiferumque
660 2086 768 2137 adverso
779 2091 807 2137 in
817 2088 903 2137 limine
914 2086 1022 2143 Bellum,

315 2154 452 2223 Ferreique
458 2161 628 2213 Eumenidum
635 2166 779 2231 thalami‚et
785 2169 918 2218 Discordia
924 2166 1032 2218 demens,

316 2230 455 2296 Vipereum
466 2239 561 2286 crinem
573 2243 645 2290 vittis
656 2244 755 2295 innexa
766 2247 886 2295 cruentis⁴

846 2343 870 2374 V.
881 2328 997 2374 264281.

609 2399 730 2438 Lxxxlx.

437 2475 511 2528 Dido
524 2477 632 2550 Aeaeae
646 2494 815 2556 conspectum
821 2489 906 2558 sugit.

435 2588 613 2719 Nleqidquas
631 2596 780 2654 Phoenissa
796 2620 882 2655 recens
898 2619 914 2650 a
930 2601 1026 2650 volnere

525 2687 533 2718 1
551 2688 567 2720 o

404 2824 420 2871 h
448 2747 558 2800 Errabat
575 2755 642 2806 silva
659 2760 688 2808 in
706 2779 820 2834 ωαψς
848 2780 919 2832 quam
935 2760 1024 2810 Troius

423 2840 479 2875 eros
