2310 3592
387 349 564 394 avesnes.
787 365 833 410 2⁵9

129 442 184 491 Has
194 442 254 491 urbi
265 443 370 494 miserae
381 453 463 495 vestro
474 445 505 495 de
516 446 637 511 sanguine
648 459 740 510 poenas

130 524 227 589 Nempe
237 524 325 574 datis?
342 525 411 575 luitis
423 526 510 592 iugulo
521 527 556 576 sio
567 542 646 588 arma,
656 525 788 590 potentes?

128 605 201 655 Felix
211 605 294 655 Roma
305 606 416 671 quidem,
427 609 543 673 civesque
554 607 672 656 habitura
681 605 777 669 beatos,

121 685 156 735 >Si
167 686 293 738 libertatis
304 689 401 753 superis
410 695 463 737 tam
472 704 534 738 eura
544 688 661 755 placeret,

129 768 212 828 Quam
223 768 334 818 vindicta
344 769 435 835 placet.
466 769 576 834 Libycas
587 785 618 818 en
628 768 710 818 nobile
720 783 809 833 corpus

129 847 216 898 Pascit
226 865 285 898 aves
295 850 364 899 nullo
375 857 502 900 contectus
513 849 590 900 Curio
600 850 681 899 busto.

129 931 168 980 At
178 932 225 980 tibi
236 947 282 981 nos
293 930 407 995 (quando
417 947 467 980 non
477 931 590 996 proderit
599 932 648 980 ista
659 930 741 994 silere,

129 1011 156 1060 A
167 1011 259 1076 quibus
269 1027 343 1061 omne
354 1012 411 1060 aevi
422 1013 518 1061 senium
528 1027 574 1065 sua
585 1011 652 1060 sama
662 1011 782 1076 repellit)

130 1093 216 1158 Digna
227 1093 324 1151 damus,
335 1094 439 1156 iuvenis,
450 1094 554 1143 meritae
564 1094 696 1157 praeconia
706 1094 779 1142 vitae.

130 1173 207 1222 Haud
217 1173 296 1222 alium
306 1181 378 1222 tanta
387 1175 466 1222 civem
476 1173 534 1223 tulit
544 1172 626 1223 indole
637 1173 727 1234 Roma,

130 1255 187 1304 Aut
197 1255 240 1303 oui
250 1254 306 1319 plus
317 1254 385 1319 leges
395 1254 515 1304 deberent
525 1262 594 1304 reeta
604 1255 724 1318 sequenti.

129 1336 233 1385 Perdite
242 1342 302 1384 tuno
312 1335 369 1384 urbi
380 1342 518 1384 nocuerunt
529 1335 635 1397 saecula,
643 1341 775 1399 postquam

130 1418 259 1479 Ambitus,
270 1424 296 1466 et
305 1416 380 1466 luxus
389 1426 415 1467 et
425 1433 501 1482 opum
512 1417 644 1466 metuenda
654 1417 758 1466 facultas

130 1498 284 1548 Transverso
293 1506 401 1547 mentem
411 1498 512 1548 dubiam
522 1505 631 1548 torrente
642 1498 766 1547 tulerunt:

129 1579 335 1644 Momentumque
346 1579 395 1629 fuit
406 1586 518 1628 mutatus
530 1578 607 1629 Curio
617 1595 711 1638 rerum,

130 1659 260 1710 Gallorum
271 1668 359 1726 eaptus
369 1660 462 1725 spoliis,
472 1667 498 1709 et
508 1659 622 1710 Caesaris
633 1677 702 1710 auro.

129 1741 172 1791 Ius
181 1742 242 1791 licet
253 1743 279 1790 in
291 1742 390 1807 iugulos
400 1749 497 1791 nostros
509 1742 556 1790 sibi
567 1741 654 1791 fecerit
664 1759 721 1791 ense

130 1822 198 1875 Sulla
208 1831 305 1889 potens,
316 1823 463 1888 Mariusque
474 1823 555 1886 ferox,
567 1833 593 1873 et
602 1824 683 1874 Cinna
693 1833 818 1888 cruentus,

129 1904 317 1969 Caesareaeque
328 1905 416 1954 domus
427 1907 512 1967 series,
524 1906 564 1954 oui
576 1912 646 1954 tanta
655 1912 764 1971 potestas

127 1987 251 2038 Concessa
262 1993 317 2036 est:
344 1986 435 2034 Emere
446 2001 539 2049 omnes,
549 1985 591 2036 hio
601 1987 712 2036 vendidit
723 1988 817 2036 urbem.

529 2072 581 2117 Lib.
593 2084 631 2118 ιν.
641 2085 662 2117 v.
677 2071 793 2120 799·824.

420 2258 541 2293 enxxxn.

431 2361 535 2410 ἅπλοια.

133 2472 142 2489 '⁴
157 2515 165 2530 .
179 2461 370 2566 &nnus
380 2483 462 2547 prime
472 2482 531 2547 pou,
543 2481 644 2533 Phoebo
655 2483 753 2534 labente
765 2487 811 2535 suo

179 2619 211 2692 J*
221 2641 229 2661 ‘¹
247 2686 250 2693 ,
271 2647 403 2708 Exierant,
415 2652 440 2694 et
450 2644 510 2693 luna
520 2661 577 2695 suas
588 2647 638 2695 iam
649 2645 744 2697 fecerat
753 2665 806 2697 um·

223 2727 295 2777 bras:

119 2809 193 2860 Cum
203 2809 297 2874 pariter
307 2808 402 2858 solvere
412 2816 487 2865 rates,
498 2815 625 2873 tortosque
636 2810 753 2861 rudentes
