2320 3590
391 428 541 474 VERGILI
546 431 570 474 U
570 430 597 474 S·
806 448 850 494 103

146 525 269 587 Hectore,
280 526 326 591 qui
336 525 404 575 redit
413 526 517 576 exuvias
526 525 630 577 indutus
639 525 745 589 Achilli,

146 605 197 656 Vel
207 606 328 656 Danaum
340 605 467 672 Phrygios
478 607 601 657 iaculatus
610 608 736 673 puppibus
745 609 824 675 ignis!

148 686 312 754 squalentem
323 687 427 737 barbam
438 695 464 738 et
473 696 602 738 concretos
612 690 734 754 sanguine
744 690 820 740 erinis
884 695 888 703 ’

146 768 308 836 Volnernque
319 769 364 819 illa
371 785 470 835 gerens,
478 785 542 835 quae
549 771 642 820 oiroum
651 770 851 835 plurimemuros

145 849 252 917 Aooepit
261 852 366 917 patrios.
396 850 473 901 Ultro
482 851 544 901 flens
555 852 609 917 ipse
619 851 723 901 videbar

144 931 302 998 Compellare
312 933 394 982 virum
404 939 431 982 et
440 940 548 983 maestas
558 948 705 998 expromere
714 949 798 984 voees:

144 1013 224 1064 Olux
234 1013 389 1071 Dardaniae,
400 1028 457 1078 spes
466 1029 483 1062 ο
492 1013 614 1063 fidissima
624 1013 758 1073 Teucrum,

144 1093 216 1155 Quae
226 1101 314 1146 tantae
324 1102 427 1145 munere
436 1095 543 1144 morae?
560 1096 651 1160 quibus
659 1098 753 1146 Hector
758 1097 791 1146 ab
798 1098 850 1147 oris

144 1175 297 1240 Exspectate
307 1177 377 1225 venis
387 1176 400 1224 l
416 1183 446 1226 ut
456 1184 482 1227 te
491 1184 548 1242 post
557 1176 638 1227 multa
647 1184 747 1227 tuorum

143 1255 255 1319 Funera,
264 1265 323 1323 post
332 1258 415 1307 varios
425 1257 603 1323 hominumque
619 1258 738 1324 urbisque
751 1261 849 1311 labores

144 1336 245 1388 Defessi
255 1337 403 1403 aspicimus!
421 1354 485 1403 quae
494 1354 584 1388 oaussa
594 1339 697 1406 indigna
708 1356 809 1393 serenos

143 1416 264 1467 Foedavit
274 1416 376 1468 voltus?
394 1424 494 1467 auteur
504 1417 567 1468 baeu
576 1419 679 1469 volnera
688 1421 783 1471 uerno?

145 1496 191 1548 llle
201 1498 276 1561 nibil,
285 1514 332 1548 neo
342 1514 382 1547 me
393 1507 553 1564 quaerentem
564 1515 630 1550 vana
639 1508 762 1564 moratur,

144 1578 195 1630 Sed
204 1580 319 1646 graviter
329 1581 437 1646 gemitus
448 1581 498 1629 imo
509 1580 540 1630 de
550 1588 649 1646 peetore
659 1581 760 1645 ducens,

143 1661 201 1711 Heu
211 1661 284 1727 fuge,
294 1668 354 1711 nato
364 1661 420 1724 dea,
431 1668 506 1726 teque
516 1661 565 1724 his,
576 1663 621 1725 ait,
632 1663 700 1728 eripe
711 1663 827 1715 flammis.

142 1742 230 1794 Hostis
240 1741 319 1791 habet
329 1757 429 1806 muros3
447 1743 499 1792 ruit
509 1743 561 1792 alto
570 1758 586 1791 e
596 1742 705 1792 eulmine
716 1742 799 1796 Troia.

143 1822 189 1874 Sat
198 1823 297 1889 patriae
309 1821 460 1887 Priamoque
470 1822 570 1873 datum:
588 1824 609 1872 si
619 1823 744 1890 Pergama
758 1825 848 1877 dextre

142 1903 253 1955 Delendi
263 1912 373 1970 possent,
384 1904 461 1954 etiam
472 1903 519 1953 hau
530 1904 632 1954 defensa
642 1904 764 1956 luissent:

143 1984 221 2036 Saura
231 1999 339 2050 suosque
349 1984 395 2034 tibi
406 1985 562 2035 oommendat
571 1983 649 2035 Trois
659 1985 773 2036 Penatis:

142 2066 197 2116 Hos
206 2081 269 2131 oape
279 2065 389 2114 fatorum
399 2066 510 2127 oomites,
521 2065 561 2114 bis
574 2066 672 2114 moenia
682 2082 775 2130 quaere

143 2146 246 2213 Magna,
257 2153 388 2211 peremto
399 2153 494 2196 statues
504 2161 569 2210 quae
580 2146 689 2211 denique
698 2155 781 2213 ponto.

143 2226 182 2279 sia
191 2229 238 2292 ait,
248 2236 275 2278 et
283 2227 400 2277 manibus
410 2228 486 2277 vittas
497 2227 655 2292 Vestamque
664 2237 791 2293 potentem

143 2310 333 2375 Aeternumque
343 2309 428 2374 adytis
439 2308 511 2358 effert
521 2307 694 2373 penetralibus
703 2310 794 2374 ignem.

664 2407 687 2438 v.
699 2397 813 2445 eos-297.

407 2653 576 2771 volu-2
