2320 3590
454 419 687 462 ANTHOLOGIA
710 418 855 461 LATINI.

602 602 716 637 LXXXIII.

504 708 640 762 Aeneidos.
684 705 747 761 Lib.
761 706 798 759 iv.

496 818 594 865 Aenean
605 819 669 866 Dide
681 820 814 880 exprobrat.

314 889 369 982 ii&
377 888 455 985 ἑξῖΤ
465 915 553 978 regina
565 912 726 977 dolos-quis
737 912 825 962 fallere
836 912 915 976 possit
925 926 1010 959 aman·

313 969 427 1094 'rastil
495 994 599 1044 emr-

368 1049 426 1125 i)
447 1077 600 1138 Presserunt,
616 1083 748 1141 motusque
765 1075 864 1139 excepit
878 1075 961 1139 prima

400 1156 507 1219 futuros,

304 1239 394 1287 Omnia
404 1246 459 1288 tuta
470 1239 569 1288 timens.
604 1237 698 1286 Fadem
711 1237 789 1302 impia
798 1237 878 1286 Fama
891 1237 986 1286 furenti

303 1320 401 1369 Detulit
411 1321 505 1369 armari
515 1319 619 1369 classem
629 1334 780 1383 cursumque
790 1321 885 1384 parari.

305 1399 389 1449 Saevit
399 1401 471 1464 inops
482 1401 567 1458 animi,
577 1406 708 1465 totamque
719 1401 820 1449 incensa
829 1415 876 1464 per
887 1400 975 1449 urbem

303 1480 455 1541 Bacchatur,
466 1480 547 1544 qualis
558 1481 688 1530 commotis
698 1482 783 1530 excita
793 1482 871 1531 sacris

304 1562 409 1627 Thyias,
421 1562 465 1611 ubi
475 1562 561 1611 audito
572 1562 702 1611 stimulant
711 1563 839 1611 trieterica
849 1561 950 1611 Baccho

307 1642 385 1708 Orgia
395 1652 581 1708 nocturnusque
592 1651 664 1692 vocat
674 1643 783 1693 elamore
794 1642 943 1694 Cithaeron.

306 1724 418 1775 Tandem
429 1725 469 1774 his
479 1726 585 1774 Aenean
595 1724 728 1789 compellat
740 1724 844 1774 vocibus
853 1723 934 1774 ulmo:

338 1805 501 1855 Dissimulare
512 1807 589 1856 etiam
600 1807 715 1870 sperasti,
725 1805 830 1870 perfide,
841 1812 939 1855 tantum

306 1887 382 1937 Posse
394 1888 473 1950 nefas,
484 1889 624 1951 tacitusque
634 1903 691 1937 mea
701 1888 818 1937 decedere
830 1887 919 1936 tem?

306 1971 359 2020 Nec
368 1979 393 2019 te
403 1977 488 2020 noster
499 1985 578 2032 amor,
589 1984 635 2018 noe
645 1976 671 2019 te
682 1968 742 2018 data
752 1969 857 2018 dextera
868 1968 1002 2032 quondam,

308 2053 362 2102 Neo
372 2052 494 2101 moritura
505 2059 574 2101 tenet
584 2049 680 2099 erudeli
690 2049 778 2099 funere
789 2049 877 2099 Dicor

308 2134 376 2194 Quin
387 2135 461 2182 etiam
472 2132 578 2182 hiberno
588 2131 683 2180 moliris
693 2131 775 2181 sidere
786 2132 899 2187 classem,

307 2216 341 2265 Et
351 2215 439 2264 mediis
449 2229 567 2279 properas
578 2213 737 2277 aquilonibus
748 2214 785 2261 ire
795 2227 841 2277 per
852 2211 939 2274 ultum,

306 2295 440 2346 Crudelis?
458 2294 545 2355 Quid?
563 2295 584 2344 si
595 2308 645 2342 non
656 2308 717 2342 arva
728 2293 812 2343 aliena
822 2292 957 2358 domosque

307 2380 412 2444 Ignotos
422 2383 529 2443 peteres,
540 2383 566 2426 et
576 2375 654 2424 Troia
664 2376 769 2439 antiqua
779 2381 900 2436 maneret,

307 2459 385 2509 Troia
395 2475 441 2524 per
451 2458 574 2507 undosum
585 2463 713 2520 peteretur
722 2454 843 2505 elassibus
854 2456 968 2519 aequor?

305 2540 477 2607 Meneiugis?
504 2539 555 2588 Per
564 2555 611 2604 ego
622 2538 668 2587 has
684 2536 800 2586 lacrimas
815 2536 980 2600 dextramque

405 2630 475 2672 tuam
485 2629 543 2671 te—

307 2702 413 2762 Qnando
424 2702 491 2752 aliud
502 2702 564 2751 mihi
575 2702 625 2750 iam
636 2701 741 2750 miserae
752 2698 816 2748 nihil
827 2700 882 2764 ipsa
890 2698 1009 2763 reliqni-

309 2782 360 2832 Per
370 2784 495 2833 connubia
505 2790 600 2845 nostra,
611 2798 656 2847 per
667 2784 777 2846 inceptos
789 2780 949 2846 hymenaeos,

308 2864 335 2914 Si
346 2864 409 2914 bene
421 2865 481 2929 quid
492 2865 523 2915 de
534 2872 560 2914 te
571 2865 661 2926 merui,
672 2862 721 2912 luit
732 2868 777 2912 aut
787 2862 835 2911 tibi
845 2862 981 2926 quicquam
