2304 3590
349 379 412 422 GM
421 379 592 422 UDIANUS.
776 394 821 438 33¹

121 474 249 535 Nutritur,
260 473 440 540 volucrumque
450 481 547 539 potens,
558 481 583 523 et
593 471 705 521 fulminis
715 472 813 531 haeres,

152 556 278 605 Gesturns
290 572 387 605 summo
397 556 448 607 telo
457 556 561 607 trisulco
572 554 632 604 Iovi.

123 638 164 687 Me
176 653 286 703 quoque,
298 637 390 687 Pieriis
402 645 524 688 tentatum
536 637 635 701 saepius
645 636 733 697 nohis,

152 720 240 769 Audet
250 736 343 786 magno
354 736 400 770 suo
411 723 511 770 mittere
522 720 604 769 Romo
614 719 677 771 Deo.

121 803 174 850 Iam
184 802 299 852 domines
309 818 392 864 eures,
404 803 454 851 ism
464 802 535 868 regio
546 808 620 863 tecte,
631 816 763 860 meremur,

153 883 186 933 Et
196 883 294 949 chelys,
304 883 422 949 Augusto
433 882 523 945 iudice,
535 890 620 932 nostra
631 889 711 933 sonat.

419 1137 527 1174 comm.

298 1252 343 1305 De
356 1251 410 1305 IV.
426 1252 505 1307 Cone.
521 1251 645 1306 Honorii.

352 1384 482 1438 Instihdio
497 1382 591 1454 Regio.

148 1545 183 1598 *ςΧ
248 1529 477 1579 ItibiPerthorum
486 1527 818 1585 soliumFortunsdedisset,

194 1594 240 1624 ,οἱ

131 1646 133 1652 1
151 1623 169 1632 '⁸
177 1652 201 1685 Δ
214 1673 219 1687 ¹
261 1609 328 1661 Cere
338 1627 411 1675 puer,
421 1611 544 1675 terrisque
554 1610 642 1676 procul
653 1609 808 1658 venerandus

163 1698 185 1724 ἴ·
234 1714 241 1724 ··
329 1692 390 1741 Eois

123 1774 251 1823 Barbarus
262 1775 370 1824 Arsacio
380 1781 544 1839 consurgeret
554 1789 596 1822 ore
607 1773 700 1837 tiores,

123 1854 253 1904 Sufficeret
264 1854 369 1904 sublime
380 1870 469 1921 genus,
478 1855 590 1918 luxuque
600 1854 719 1903 fluentem

122 1936 215 1986 Deside
225 1935 344 1985 nobilitas
354 1943 439 2001 posset
448 1943 473 1985 to
483 1935 536 1984 solo
547 1936 619 1984 tueri.

123 2019 214 2067 Altero
225 2017 354 2066 &manee
364 2014 439 2082 longe
449 2016 588 2066 rectoribus
598 2015 670 2065 aulae

122 2100 253 2149 Conditio:
271 2099 363 2148 virtute
374 2098 453 2162 decet,
463 2113 514 2147 non
525 2100 654 2163 sangnine,
665 2099 719 2147 niti.

120 2183 204 2231 Moior
216 2188 242 2229 et
252 2179 338 2229 utilior
349 2179 401 2229 foto
411 2179 543 2229 coniuncto
554 2180 658 2243 potenti,

121 2263 181 2312 Vile
189 2262 281 2323 latens,
291 2261 387 2310 virtnsz
403 2259 465 2324 qnid
474 2261 541 2310 onim
552 2259 681 2309 submerso
691 2261 800 2311 tenebris

123 2338 241 2393 Proderit
251 2341 376 2391 obscuro?
393 2341 471 2390 veluti
481 2341 535 2390 sine
545 2343 641 2407 remige
651 2343 758 2407 puppis,

122 2425 172 2475 Vel
182 2425 322 2490 lyrn,quae
330 2423 433 2486 reticet3
452 2420 499 2484 vel,
508 2423 551 2487 qui
560 2438 610 2471 non
618 2423 737 2486 tenditur,
746 2438 826 2473 orcus.

123 2506 194 2554 Hanc
202 2513 287 2554 tomen
294 2502 361 2551 houd
369 2504 511 2567 quisquam,
518 2505 561 2568 qui
572 2519 622 2552 non
632 2506 826 2569 agnoveritonte

125 2586 218 2647 Semet,
227 2592 255 2634 et
266 2585 372 2633 incertos
383 2585 461 2633 enimi
471 2586 599 2648 pacaverit
611 2592 703 2647 aestus,

125 2666 252 2715 Inveniet:
269 2664 351 2730 longis
361 2664 420 2714 illuc
430 2665 577 2728 amhagibus
587 2666 647 2714 itur.

156 2748 232 2797 Disce
238 2745 303 2807 orbi,
309 2745 375 2809 quod
383 2746 490 2811 quisque
497 2747 552 2796 sibi.
564 2745 628 2796 Cum
634 2746 751 2797 conderet
757 2756 827 2798 onus

127 2831 241 2892 Nostros,
251 2829 370 2880 aetheriis
381 2830 487 2880 miscens
499 2836 598 2880 terreno
608 2829 781 2893 Prometheus,
