2320 3590
380 440 531 483 valcurt]
535 441 556 483 U
559 441 585 482 S.
807 445 837 499 87

132 534 192 600 Ipse
203 535 256 585 dies
266 537 348 602 agitat
359 536 445 599 festos,
457 536 579 600 fususque
588 551 635 600 per
644 534 757 597 herbam,

132 615 206 681 lgnis
215 616 260 665 ubi
269 617 296 665 in
307 617 390 666 medio
400 625 427 666 et
437 618 496 666 socii
506 626 604 666 cratera
614 624 742 679 coronant,

133 696 180 759 Te,
191 697 282 755 libans,
291 697 400 760 Lenaee,
411 705 491 755 vocat,
502 699 650 762 pecorisque
660 697 788 762 magistris

134 777 237 826 Velocis
248 777 323 826 iaculi
334 778 472 826 certamina
482 779 552 842 ponit
563 779 590 825 in
601 777 677 839 ulmo,

135 858 299 924 Corporaque
310 860 406 924 agresti
417 857 513 907 nudant
523 858 649 923 praedura
659 857 806 923 palaestrae.

135 940 209 988 Hanc
219 939 280 988 olim
291 948 389 988 veteres
400 939 478 988 vitam
488 939 586 987 coluere
599 938 695 1000 Sabini,

134 1021 207 1070 Hanc
219 1006 315 1070 Remus
325 1029 351 1070 et
362 1021 451 1080 frater,
463 1022 499 1070 sic
511 1021 584 1070 fortis
595 1021 700 1070 Etruria
711 1021 790 1069 crevit

134 1100 234 1151 Scilicet
243 1110 270 1150 et
281 1117 367 1150 rerum
378 1101 446 1149 facta
454 1108 494 1150 est
504 1100 672 1166 pulcherrima
682 1102 771 1163 Roma,

135 1182 286 1248 Septemque
296 1199 348 1231 una
359 1182 407 1231 sibi
418 1197 491 1230 mnro
500 1182 665 1231 circumdedit
674 1198 751 1233 arces.

134 1265 203 1312 Ante
214 1266 292 1314 etiam
302 1270 430 1328 sceptrum
441 1263 540 1312 Dictaei
551 1264 627 1328 regis,
638 1270 664 1312 et
673 1271 731 1313 ante

134 1345 214 1410 Impia
226 1361 303 1410 quam
314 1345 394 1393 caesis
405 1360 466 1410 gens
476 1351 516 1392 est
526 1344 627 1408 epulata
638 1346 755 1406 iuvencis,

133 1427 237 1476 Aureus
245 1427 311 1476 hanc
322 1427 398 1475 vitam
411 1428 438 1475 in
448 1427 523 1475 terris
535 1425 658 1476 Saturnus
669 1427 772 1493 agebat:

135 1508 246 1558 Necdum
257 1510 336 1558 etiam
347 1508 478 1557 audierant
488 1507 570 1556 inflari
580 1508 691 1572 classica,
701 1510 805 1559 necdum

137 1590 260 1655 Inpositos
271 1589 344 1638 duris
355 1591 478 1654 crepitare
488 1590 618 1639 incudibus
629 1606 708 1641 enses.

655 1688 678 1721 v.
689 1676 805 1723 sss-540.

451 1775 523 1811 cxxi.

337 1867 486 1937 Georgicon
535 1866 597 1920 Lib.
610 1864 647 1919 iii.

418 1982 555 2028 Exordium.

178 2142 187 2158 Ἴ
246 2078 250 2132 .’
264 2087 287 2135 Ε
297 2101 408 2149 quoque,
415 2101 506 2151 magna
516 2084 598 2147 Pales,
609 2094 635 2134 et
646 2092 670 2134 te
681 2086 838 2135 memorande

165 2165 189 2238 (³
213 2211 218 2232 ἶ
248 2172 251 2177 “
329 2181 446 2216 canemus

143 2260 153 2281 r
210 2247 214 2275 Ἦ
280 2249 373 2299 Pastor
384 2248 416 2297 ab
426 2247 583 2313 Amphryso,
594 2264 647 2310 vos,
655 2248 732 2299 silvae
743 2266 838 2299 amnes·

333 2345 382 2396 que
393 2330 493 2395 Lycaei.

137 2416 236 2476 Cetera,
247 2428 314 2478 qnae
324 2427 416 2461 vacuas
426 2412 563 2461 tenuissent
573 2412 682 2460 carmine
692 2420 796 2469 mentes,

138 2498 228 2546 Omnia
239 2497 290 2545 iam
300 2493 415 2559 volgata:
431 2493 488 2557 quis
499 2500 543 2542 aut
553 2492 697 2558 Eurysthea
707 2494 806 2556 durum,

138 2580 192 2627 Aut
202 2575 327 2626 inlaudati
337 2575 417 2623 nescit
426 2573 549 2623 Busiridis
560 2589 616 2622 aras
626 2574 638 2621 l

139 2658 186 2708 eui
195 2674 247 2707 non
258 2657 343 2707 dictus
353 2656 436 2721 Hylas
446 2671 510 2720 puer
520 2662 546 2703 et
557 2653 664 2704 Latonia
675 2654 760 2716 Delos,

139 2735 840 2806 Hippodameque,humeroquePelopsinsigniseburno‚

138 2823 205 2872 Acer
215 2820 309 2886 equis?
344 2818 499 2882 Temptanda
510 2817 551 2865 via
566 2824 612 2875 est,
624 2832 674 2881 qua
688 2832 728 2865 me
742 2833 840 2883 quoque

232 2901 327 2968 possim
