<?xml version="1.0" encoding="UTF-8"?>
<!DOCTYPE html PUBLIC "-//W3C//DTD XHTML 1.0 Transitional//EN"
    "http://www.w3.org/TR/xhtml1/DTD/xhtml1-transitional.dtd">
<html xmlns="http://www.w3.org/1999/xhtml" xml:lang="en" lang="en">
 <head>
  <title>
</title>
<meta http-equiv="Content-Type" content="text/html;charset=utf-8" />
  <meta name='ocr-system' content='tesseract 3.04.00' />
  <meta name='ocr-capabilities' content='ocr_page ocr_carea ocr_par ocr_line ocrx_word'/>
</head>
<body>
  <div class='ocr_page' id='page_1' title='image "./anthologialatin02thacgoog_0353.png"; bbox 0 0 2304 3590; ppageno 0'>
   <div class='ocr_carea' id='block_1_1' title="bbox 326 378 879 440">
    <p class='ocr_par' dir='ltr' id='par_1_1' title="bbox 326 378 879 440">
     <span class='ocr_line' id='line_1_1' title="bbox 326 378 879 440; baseline -0.02 -11"><span class='ocrx_word' id='word_1_1' title='bbox 326 386 373 440; x_wconf 81' lang='lat'><strong>328</strong></span> <span class='ocrx_word' id='word_1_2' title='bbox 471 378 706 422; x_wconf 65' lang='lat' dir='ltr'><strong>auuuosoom</strong></span> <span class='ocrx_word' id='word_1_3' title='bbox 733 379 879 420; x_wconf 64' lang='lat' dir='ltr'><strong>smus.</strong></span> 
     </span>
    </p>
   </div>
   <div class='ocr_carea' id='block_1_2' title="bbox 324 472 988 1253">
    <p class='ocr_par' dir='ltr' id='par_1_2' title="bbox 324 472 965 1188">
     <span class='ocr_line' id='line_1_2' title="bbox 325 472 959 537; baseline 0 -15"><span class='ocrx_word' id='word_1_4' title='bbox 325 472 437 537; x_wconf 80' lang='lat' dir='ltr'><strong>Religi03</strong></span> <span class='ocrx_word' id='word_1_5' title='bbox 454 487 593 537; x_wconf 73' lang='lat' dir='ltr'>causaeque</span> <span class='ocrx_word' id='word_1_6' title='bbox 604 474 669 522; x_wconf 76' lang='lat' dir='ltr'><strong>viam</strong></span> <span class='ocrx_word' id='word_1_7' title='bbox 680 488 729 521; x_wconf 89' lang='lat' dir='ltr'><strong>non</strong></span> <span class='ocrx_word' id='word_1_8' title='bbox 740 481 827 537; x_wconf 84' lang='lat' dir='ltr'><strong>sponte</strong></span> <span class='ocrx_word' id='word_1_9' title='bbox 839 474 959 536; x_wconf 76' lang='lat' dir='ltr'>sequebar</span> 
     </span>
     <span class='ocr_line' id='line_1_3' title="bbox 324 553 908 618; baseline 0.005 -17"><span class='ocrx_word' id='word_1_10' title='bbox 324 553 446 616; x_wconf 83' lang='lat' dir='ltr'><strong>Alterius,</strong></span> <span class='ocrx_word' id='word_1_11' title='bbox 456 569 535 603; x_wconf 78' lang='lat' dir='ltr'><strong>vaouo</strong></span> <span class='ocrx_word' id='word_1_12' title='bbox 546 570 610 618; x_wconf 79' lang='lat' dir='ltr'><strong>quae</strong></span> <span class='ocrx_word' id='word_1_13' title='bbox 620 570 720 604; x_wconf 82' lang='lat' dir='ltr'><strong>currere</strong></span> <span class='ocrx_word' id='word_1_14' title='bbox 734 556 829 603; x_wconf 81' lang='lat' dir='ltr'><strong>semina</strong></span> <span class='ocrx_word' id='word_1_15' title='bbox 839 561 908 604; x_wconf 89' lang='lat' dir='ltr'><strong>motu</strong></span> 
     </span>
     <span class='ocr_line' id='line_1_4' title="bbox 324 634 958 701; baseline 0.002 -18"><span class='ocrx_word' id='word_1_16' title='bbox 324 634 450 692; x_wconf 74' lang='lat' dir='ltr'><strong>Affirmot</strong></span> <span class='ocrx_word' id='word_1_17' title='bbox 461 651 628 701; x_wconf 76' lang='lat' dir='ltr'><strong>magnumque</strong></span> <span class='ocrx_word' id='word_1_18' title='bbox 639 651 714 685; x_wconf 80' lang='lat' dir='ltr'><strong>novus</strong></span> <span class='ocrx_word' id='word_1_19' title='bbox 725 651 770 700; x_wconf 88' lang='lat' dir='ltr'><strong>per</strong></span> <span class='ocrx_word' id='word_1_20' title='bbox 781 637 855 684; x_wconf 78' lang='lat' dir='ltr'><strong>inane</strong></span> <span class='ocrx_word' id='word_1_21' title='bbox 866 636 958 701; x_wconf 83' lang='lat' dir='ltr'><strong>liguros</strong></span> 
     </span>
     <span class='ocr_line' id='line_1_5' title="bbox 324 716 949 782; baseline 0 -18"><span class='ocrx_word' id='word_1_22' title='bbox 324 716 447 780; x_wconf 75' lang='lat' dir='ltr'><strong>Fortuna,</strong></span> <span class='ocrx_word' id='word_1_23' title='bbox 454 732 508 765; x_wconf 83' lang='lat' dir='ltr'><strong>uon</strong></span> <span class='ocrx_word' id='word_1_24' title='bbox 519 725 582 777; x_wconf 79' lang='lat' dir='ltr'><strong>orte,</strong></span> <span class='ocrx_word' id='word_1_25' title='bbox 592 718 662 782; x_wconf 81' lang='lat' dir='ltr'><strong>regi3</strong></span> <span class='ocrx_word' id='word_1_26' title='bbox 679 733 743 782; x_wconf 79' lang='lat' dir='ltr'><strong>quoe</strong></span> <span class='ocrx_word' id='word_1_27' title='bbox 756 717 866 765; x_wconf 85' lang='lat' dir='ltr'><strong>Numina</strong></span> <span class='ocrx_word' id='word_1_28' title='bbox 877 733 949 766; x_wconf 86' lang='lat' dir='ltr'><strong>sensu</strong></span> 
     </span>
     <span class='ocr_line' id='line_1_6' title="bbox 324 796 923 861; baseline -0.002 -15"><span class='ocrx_word' id='word_1_29' title='bbox 324 797 462 861; x_wconf 82' lang='lat' dir='ltr'><strong>Ambiguo,</strong></span> <span class='ocrx_word' id='word_1_30' title='bbox 473 796 512 845; x_wconf 89' lang='lat' dir='ltr'><strong>vel</strong></span> <span class='ocrx_word' id='word_1_31' title='bbox 522 796 591 844; x_wconf 81' lang='lat' dir='ltr'><strong>nullu</strong></span> <span class='ocrx_word' id='word_1_32' title='bbox 602 804 682 860; x_wconf 77' lang='lat' dir='ltr'><strong>putet,</strong></span> <span class='ocrx_word' id='word_1_33' title='bbox 694 797 733 844; x_wconf 90' lang='lat' dir='ltr'><strong>vel</strong></span> <span class='ocrx_word' id='word_1_34' title='bbox 744 798 827 845; x_wconf 81' lang='lat' dir='ltr'><strong>nescio</strong></span> <span class='ocrx_word' id='word_1_35' title='bbox 838 796 923 845; x_wconf 82' lang='lat' dir='ltr'><strong>nostri</strong></span> 
     </span>
     <span class='ocr_line' id='line_1_7' title="bbox 324 878 965 942; baseline -0.005 -14"><span class='ocrx_word' id='word_1_36' title='bbox 324 878 438 929; x_wconf 83' lang='lat' dir='ltr'><strong>Abstulit</strong></span> <span class='ocrx_word' id='word_1_37' title='bbox 447 879 513 926; x_wconf 88' lang='lat' dir='ltr'><strong>huno</strong></span> <span class='ocrx_word' id='word_1_38' title='bbox 525 878 624 927; x_wconf 78' lang='lat' dir='ltr'><strong>tandem</strong></span> <span class='ocrx_word' id='word_1_39' title='bbox 636 878 721 926; x_wconf 87' lang='lat' dir='ltr'>Rufini</span> <span class='ocrx_word' id='word_1_40' title='bbox 732 894 812 942; x_wconf 79' lang='lat' dir='ltr'><strong>poeno</strong></span> <span class='ocrx_word' id='word_1_41' title='bbox 822 878 965 939; x_wconf 89' lang='lat' dir='ltr'><strong>tumultum,</strong></span> 
     </span>
     <span class='ocr_line' id='line_1_8' title="bbox 325 960 965 1025; baseline -0.005 -15"><span class='ocrx_word' id='word_1_42' title='bbox 325 961 489 1025; x_wconf 84' lang='lat' dir='ltr'><strong>Absolvitque</strong></span> <span class='ocrx_word' id='word_1_43' title='bbox 500 961 581 1012; x_wconf 83' lang='lat' dir='ltr'>Deos:</span> <span class='ocrx_word' id='word_1_44' title='bbox 599 962 649 1009; x_wconf 77' lang='lat' dir='ltr'><strong>ism</strong></span> <span class='ocrx_word' id='word_1_45' title='bbox 660 976 709 1009; x_wconf 89' lang='lat' dir='ltr'><strong>non</strong></span> <span class='ocrx_word' id='word_1_46' title='bbox 721 960 752 1008; x_wconf 84' lang='lat' dir='ltr'><strong>od</strong></span> <span class='ocrx_word' id='word_1_47' title='bbox 763 960 873 1008; x_wconf 77' lang='lat' dir='ltr'><strong>culmina</strong></span> <span class='ocrx_word' id='word_1_48' title='bbox 882 976 965 1009; x_wconf 85' lang='lat' dir='ltr'><strong>rerum</strong></span> 
     </span>
     <span class='ocr_line' id='line_1_9' title="bbox 325 1041 942 1105; baseline -0.002 -15"><span class='ocrx_word' id='word_1_49' title='bbox 325 1042 434 1090; x_wconf 84' lang='lat' dir='ltr'><strong>Iniustos</strong></span> <span class='ocrx_word' id='word_1_50' title='bbox 445 1041 551 1090; x_wconf 82' lang='lat' dir='ltr'><strong>crevisse</strong></span> <span class='ocrx_word' id='word_1_51' title='bbox 563 1057 670 1105; x_wconf 82' lang='lat' dir='ltr'><strong>queror=</strong></span> <span class='ocrx_word' id='word_1_52' title='bbox 687 1041 809 1090; x_wconf 87' lang='lat' dir='ltr'><strong>tolluntur</strong></span> <span class='ocrx_word' id='word_1_53' title='bbox 819 1042 846 1090; x_wconf 89' lang='lat' dir='ltr'><strong>in</strong></span> <span class='ocrx_word' id='word_1_54' title='bbox 855 1041 942 1102; x_wconf 76' lang='lat' dir='ltr'><strong>altum,</strong></span> 
     </span>
     <span class='ocr_line' id='line_1_10' title="bbox 324 1122 663 1188; baseline 0.003 -18"><span class='ocrx_word' id='word_1_55' title='bbox 324 1122 361 1171; x_wconf 91' lang='lat' dir='ltr'><strong>Ut</strong></span> <span class='ocrx_word' id='word_1_56' title='bbox 372 1122 443 1188; x_wconf 73' lang='lat' dir='ltr'><strong>lapsu</strong></span> <span class='ocrx_word' id='word_1_57' title='bbox 454 1124 569 1187; x_wconf 77' lang='lat' dir='ltr'><strong>graviore</strong></span> <span class='ocrx_word' id='word_1_58' title='bbox 580 1130 663 1172; x_wconf 78' lang='lat' dir='ltr'><strong>ruant.</strong></span> 
     </span>
    </p>

    <p class='ocr_par' dir='ltr' id='par_1_3' title="bbox 889 1208 988 1253">
     <span class='ocr_line' id='line_1_11' title="bbox 889 1208 988 1253; baseline 0 -2"><span class='ocrx_word' id='word_1_59' title='bbox 889 1220 913 1253; x_wconf 89' lang='lat' dir='ltr'><strong>v.</strong></span> <span class='ocrx_word' id='word_1_60' title='bbox 927 1208 988 1252; x_wconf 80' lang='lat'>1·23.</span> 
     </span>
    </p>
   </div>
   <div class='ocr_carea' id='block_1_3' title="bbox 626 1368 711 1405">
    <p class='ocr_par' dir='ltr' id='par_1_4' title="bbox 626 1368 711 1405">
     <span class='ocr_line' id='line_1_12' title="bbox 626 1368 711 1405; baseline 0.012 -1"><span class='ocrx_word' id='word_1_61' title='bbox 626 1368 711 1405; x_wconf 81' lang='lat' dir='ltr'>CCLVI.</span> 
     </span>
    </p>
   </div>
   <div class='ocr_carea' id='block_1_4' title="bbox 463 1467 890 1539">
    <p class='ocr_par' dir='ltr' id='par_1_5' title="bbox 463 1467 890 1539">
     <span class='ocr_line' id='line_1_13' title="bbox 463 1467 890 1539; baseline 0.005 -19"><span class='ocrx_word' id='word_1_62' title='bbox 463 1467 575 1539; x_wconf 72' lang='lat' dir='ltr'><strong>Rtfiuus</strong></span> <span class='ocrx_word' id='word_1_63' title='bbox 588 1486 605 1520; x_wconf 85' lang='lat' dir='ltr'><strong><em>a</em></strong></span> <span class='ocrx_word' id='word_1_64' title='bbox 617 1467 738 1521; x_wconf 78' lang='lat' dir='ltr'><strong>militibus</strong></span> <span class='ocrx_word' id='word_1_65' title='bbox 750 1469 890 1522; x_wconf 68' lang='lat' dir='ltr'><strong>conciliem.</strong></span> 
     </span>
    </p>
   </div>
   <div class='ocr_carea' id='block_1_5' title="bbox 340 1581 1008 1682">
    <p class='ocr_par' dir='ltr' id='par_1_6' title="bbox 340 1581 1008 1696">
     <span class='ocr_line' id='line_1_14' title="bbox 340 1581 1008 1682; baseline 0 -19"><span class='ocrx_word' id='word_1_66' title='bbox 340 1640 343 1648; x_wconf 43' lang='lat'>³</span> <span class='ocrx_word' id='word_1_67' title='bbox 383 1581 407 1675; x_wconf 58' lang='lat' dir='ltr'><strong>⁸f.</strong></span> <span class='ocrx_word' id='word_1_68' title='bbox 456 1614 533 1664; x_wconf 85' lang='lat' dir='ltr'>RBIS</span> <span class='ocrx_word' id='word_1_69' title='bbox 549 1615 582 1663; x_wconf 82' lang='lat' dir='ltr'><strong>sb</strong></span> <span class='ocrx_word' id='word_1_70' title='bbox 598 1620 705 1679; x_wconf 82' lang='lat' dir='ltr'><strong>augusto</strong></span> <span class='ocrx_word' id='word_1_71' title='bbox 722 1620 813 1675; x_wconf 74' lang='lat' dir='ltr'><strong>tractu,</strong></span> <span class='ocrx_word' id='word_1_72' title='bbox 824 1630 876 1678; x_wconf 81' lang='lat' dir='ltr'><strong>quo</strong></span> <span class='ocrx_word' id='word_1_73' title='bbox 892 1618 971 1682; x_wconf 84' lang='lat' dir='ltr'><strong>vergit</strong></span> <span class='ocrx_word' id='word_1_74' title='bbox 986 1617 1008 1663; x_wconf 88' lang='lat' dir='ltr'><strong>in</strong></span> 
     </span>
    </p>
   </div>
   <div class='ocr_carea' id='block_1_6' title="bbox 320 1697 987 2899">
    <p class='ocr_par' dir='ltr' id='par_1_7' title="bbox 320 1697 987 2899">
     <span class='ocr_line' id='line_1_15' title="bbox 534 1697 668 1757; baseline -0.015 -12"><span class='ocrx_word' id='word_1_75' title='bbox 534 1697 668 1757; x_wconf 86' lang='lat' dir='ltr'><strong>Austrum,</strong></span> 
     </span>
     <span class='ocr_line' id='line_1_16' title="bbox 365 1764 970 1843; baseline 0.003 -16"><span class='ocrx_word' id='word_1_76' title='bbox 365 1764 428 1814; x_wconf 50' lang='lat' dir='ltr'><strong>‚2³ss</strong></span> <span class='ocrx_word' id='word_1_77' title='bbox 469 1779 589 1827; x_wconf 77' lang='lat' dir='ltr'><strong>Planities</strong></span> <span class='ocrx_word' id='word_1_78' title='bbox 605 1779 686 1827; x_wconf 81' lang='lat' dir='ltr'>vicina</span> <span class='ocrx_word' id='word_1_79' title='bbox 702 1785 785 1843; x_wconf 79' lang='lat' dir='ltr'><strong>petet:</strong></span> <span class='ocrx_word' id='word_1_80' title='bbox 813 1794 873 1826; x_wconf 83' lang='lat' dir='ltr'><strong>nam</strong></span> <span class='ocrx_word' id='word_1_81' title='bbox 889 1787 970 1829; x_wconf 73' lang='lat' dir='ltr'><strong>ostem</strong></span> 
     </span>
     <span class='ocr_line' id='line_1_17' title="bbox 421 1860 517 1909; baseline 0 0"><span class='ocrx_word' id='word_1_82' title='bbox 421 1860 517 1909; x_wconf 83' lang='lat' dir='ltr'><strong>Pontus</strong></span> 
     </span>
     <span class='ocr_line' id='line_1_18' title="bbox 324 1940 884 2006; baseline -0.005 -13"><span class='ocrx_word' id='word_1_83' title='bbox 324 1943 429 1999; x_wconf 82' lang='lat' dir='ltr'><strong>Circuit,</strong></span> <span class='ocrx_word' id='word_1_84' title='bbox 440 1942 533 2006; x_wconf 83' lang='lat' dir='ltr'><strong>exiguo</strong></span> <span class='ocrx_word' id='word_1_85' title='bbox 544 1940 629 1988; x_wconf 84' lang='lat' dir='ltr'>dirimi</span> <span class='ocrx_word' id='word_1_86' title='bbox 639 1954 665 1988; x_wconf 81' lang='lat' dir='ltr'><strong>se</strong></span> <span class='ocrx_word' id='word_1_87' title='bbox 672 1941 777 1997; x_wconf 76' lang='lat' dir='ltr'><strong>¹tremite</strong></span> <span class='ocrx_word' id='word_1_88' title='bbox 788 1954 884 2004; x_wconf 79' lang='lat' dir='ltr'><strong>possus.</strong></span> 
     </span>
     <span class='ocr_line' id='line_1_19' title="bbox 323 2019 849 2084; baseline -0.006 -11"><span class='ocrx_word' id='word_1_89' title='bbox 323 2023 372 2072; x_wconf 85' lang='lat' dir='ltr'><strong>Hie</strong></span> <span class='ocrx_word' id='word_1_90' title='bbox 383 2022 462 2072; x_wconf 85' lang='lat' dir='ltr'><strong>ultrix</strong></span> <span class='ocrx_word' id='word_1_91' title='bbox 472 2023 537 2069; x_wconf 79' lang='lat' dir='ltr'><strong>oeies</strong></span> <span class='ocrx_word' id='word_1_92' title='bbox 548 2027 640 2070; x_wconf 77' lang='lat' dir='ltr'><strong>ornatu</strong></span> <span class='ocrx_word' id='word_1_93' title='bbox 650 2019 746 2084; x_wconf 79' lang='lat' dir='ltr'><strong>fulgida</strong></span> <span class='ocrx_word' id='word_1_94' title='bbox 757 2019 849 2070; x_wconf 81' lang='lat' dir='ltr'><strong>Mortis</strong></span> 
     </span>
     <span class='ocr_line' id='line_1_20' title="bbox 322 2102 908 2169; baseline -0.002 -16"><span class='ocrx_word' id='word_1_95' title='bbox 322 2104 450 2169; x_wconf 79' lang='lat' dir='ltr'><strong>Explicuit</strong></span> <span class='ocrx_word' id='word_1_96' title='bbox 459 2117 563 2153; x_wconf 83' lang='lat' dir='ltr'><strong>cuneos:</strong></span> <span class='ocrx_word' id='word_1_97' title='bbox 580 2102 675 2166; x_wconf 84' lang='lat' dir='ltr'><strong>pedites</strong></span> <span class='ocrx_word' id='word_1_98' title='bbox 687 2103 713 2149; x_wconf 93' lang='lat' dir='ltr'><strong>in</strong></span> <span class='ocrx_word' id='word_1_99' title='bbox 724 2109 795 2165; x_wconf 80' lang='lat' dir='ltr'><strong>parte</strong></span> <span class='ocrx_word' id='word_1_100' title='bbox 807 2102 908 2152; x_wconf 79' lang='lat' dir='ltr'><strong>sinistro</strong></span> 
     </span>
     <span class='ocr_line' id='line_1_21' title="bbox 321 2182 911 2248; baseline -0.008 -11"><span class='ocrx_word' id='word_1_101' title='bbox 321 2187 485 2248; x_wconf 85' lang='lat' dir='ltr'><strong>Consistunt3</strong></span> <span class='ocrx_word' id='word_1_102' title='bbox 503 2185 600 2248; x_wconf 87' lang='lat' dir='ltr'><strong>equites</strong></span> <span class='ocrx_word' id='word_1_103' title='bbox 610 2182 661 2231; x_wconf 84' lang='lat' dir='ltr'><strong>illio</strong></span> <span class='ocrx_word' id='word_1_104' title='bbox 673 2184 800 2246; x_wconf 78' lang='lat' dir='ltr'><strong>poscentia</strong></span> <span class='ocrx_word' id='word_1_105' title='bbox 810 2199 911 2232; x_wconf 85' lang='lat' dir='ltr'><strong>cursum</strong></span> 
     </span>
     <span class='ocr_line' id='line_1_22' title="bbox 322 2262 849 2328; baseline -0.004 -11"><span class='ocrx_word' id='word_1_106' title='bbox 322 2271 375 2318; x_wconf 79' lang='lat' dir='ltr'><strong>Ora</strong></span> <span class='ocrx_word' id='word_1_107' title='bbox 385 2266 539 2315; x_wconf 77' lang='lat' dir='ltr'><strong>reluctantur</strong></span> <span class='ocrx_word' id='word_1_108' title='bbox 549 2264 640 2328; x_wconf 81' lang='lat' dir='ltr'><strong>pressis</strong></span> <span class='ocrx_word' id='word_1_109' title='bbox 651 2262 737 2311; x_wconf 79' lang='lat' dir='ltr'><strong>sedare</strong></span> <span class='ocrx_word' id='word_1_110' title='bbox 747 2262 849 2328; x_wconf 78' lang='lat' dir='ltr'><strong>lupatis.</strong></span> 
     </span>
     <span class='ocr_line' id='line_1_23' title="bbox 323 2344 862 2405; baseline -0.009 -8"><span class='ocrx_word' id='word_1_111' title='bbox 323 2347 372 2397; x_wconf 85' lang='lat' dir='ltr'><strong>Hic</strong></span> <span class='ocrx_word' id='word_1_112' title='bbox 383 2346 426 2396; x_wconf 80' lang='lat' dir='ltr'><strong>ulii</strong></span> <span class='ocrx_word' id='word_1_113' title='bbox 437 2361 538 2396; x_wconf 75' lang='lat' dir='ltr'><strong>saevum</strong></span> <span class='ocrx_word' id='word_1_114' title='bbox 548 2345 651 2394; x_wconf 74' lang='lat' dir='ltr'><strong>cristato</strong></span> <span class='ocrx_word' id='word_1_115' title='bbox 662 2344 754 2392; x_wconf 86' lang='lat' dir='ltr'><strong>vertice</strong></span> <span class='ocrx_word' id='word_1_116' title='bbox 764 2351 862 2405; x_wconf 71' lang='lat' dir='ltr'><strong>nutant,</strong></span> 
     </span>
     <span class='ocr_line' id='line_1_24' title="bbox 322 2423 952 2489; baseline -0.003 -11"><span class='ocrx_word' id='word_1_117' title='bbox 322 2429 356 2478; x_wconf 80' lang='lat' dir='ltr'><strong>Et</strong></span> <span class='ocrx_word' id='word_1_118' title='bbox 368 2427 486 2478; x_wconf 89' lang='lat' dir='ltr'><strong>tremulos</strong></span> <span class='ocrx_word' id='word_1_119' title='bbox 497 2425 607 2475; x_wconf 90' lang='lat' dir='ltr'><strong>humeris</strong></span> <span class='ocrx_word' id='word_1_120' title='bbox 618 2423 730 2489; x_wconf 84' lang='lat' dir='ltr'><strong>gaudent</strong></span> <span class='ocrx_word' id='word_1_121' title='bbox 741 2425 839 2474; x_wconf 69' lang='lat' dir='ltr'><strong>librare</strong></span> <span class='ocrx_word' id='word_1_122' title='bbox 849 2426 952 2487; x_wconf 81' lang='lat' dir='ltr'><strong>colores,</strong></span> 
     </span>
     <span class='ocr_line' id='line_1_25' title="bbox 322 2505 987 2573; baseline -0.003 -15"><span class='ocrx_word' id='word_1_123' title='bbox 322 2509 392 2570; x_wconf 83' lang='lat' dir='ltr'><strong>Quos</strong></span> <span class='ocrx_word' id='word_1_124' title='bbox 407 2508 488 2573; x_wconf 88' lang='lat' dir='ltr'><strong>operit</strong></span> <span class='ocrx_word' id='word_1_125' title='bbox 505 2507 645 2570; x_wconf 76' lang='lat' dir='ltr'><strong>formatque</strong></span> <span class='ocrx_word' id='word_1_126' title='bbox 661 2505 779 2570; x_wconf 81' lang='lat' dir='ltr'><strong>chalybs:</strong></span> <span class='ocrx_word' id='word_1_127' title='bbox 797 2508 929 2559; x_wconf 73' lang='lat' dir='ltr'><strong>coniuncta</strong></span> <span class='ocrx_word' id='word_1_128' title='bbox 944 2523 987 2572; x_wconf 87' lang='lat' dir='ltr'><strong>per</strong></span> 
     </span>
     <span class='ocr_line' id='line_1_26' title="bbox 420 2597 500 2638; baseline -0.025 0"><span class='ocrx_word' id='word_1_129' title='bbox 420 2597 500 2638; x_wconf 78' lang='lat' dir='ltr'><strong>ortem</strong></span> 
     </span>
     <span class='ocr_line' id='line_1_27' title="bbox 320 2669 916 2733; baseline 0 -13"><span class='ocrx_word' id='word_1_130' title='bbox 320 2670 424 2720; x_wconf 81' lang='lat' dir='ltr'><strong>Flexilis</strong></span> <span class='ocrx_word' id='word_1_131' title='bbox 434 2670 541 2719; x_wconf 85' lang='lat' dir='ltr'><strong>induetis</strong></span> <span class='ocrx_word' id='word_1_132' title='bbox 551 2669 676 2719; x_wconf 78' lang='lat' dir='ltr'><strong>animatur</strong></span> <span class='ocrx_word' id='word_1_133' title='bbox 686 2670 780 2718; x_wconf 78' lang='lat' dir='ltr'><strong>lemine</strong></span> <span class='ocrx_word' id='word_1_134' title='bbox 790 2670 916 2733; x_wconf 86' lang='lat' dir='ltr'><strong>membris,</strong></span> 
     </span>
     <span class='ocr_line' id='line_1_28' title="bbox 322 2751 892 2802; baseline 0.002 -1"><span class='ocrx_word' id='word_1_135' title='bbox 322 2751 459 2802; x_wconf 88' lang='lat' dir='ltr'><strong>Horribilis</strong></span> <span class='ocrx_word' id='word_1_136' title='bbox 470 2754 538 2801; x_wconf 85' lang='lat' dir='ltr'><strong>visu:</strong></span> <span class='ocrx_word' id='word_1_137' title='bbox 555 2752 643 2801; x_wconf 81' lang='lat' dir='ltr'><strong>eredas</strong></span> <span class='ocrx_word' id='word_1_138' title='bbox 656 2753 787 2802; x_wconf 71' lang='lat' dir='ltr'><strong>simulacro</strong></span> <span class='ocrx_word' id='word_1_139' title='bbox 797 2753 892 2802; x_wconf 83' lang='lat' dir='ltr'><strong>moveri</strong></span> 
     </span>
     <span class='ocr_line' id='line_1_29' title="bbox 321 2832 890 2899; baseline 0.002 -18"><span class='ocrx_word' id='word_1_140' title='bbox 321 2832 422 2896; x_wconf 79' lang='lat' dir='ltr'><strong>Ferrea,</strong></span> <span class='ocrx_word' id='word_1_141' title='bbox 433 2841 589 2898; x_wconf 81' lang='lat' dir='ltr'><strong>cognatoque</strong></span> <span class='ocrx_word' id='word_1_142' title='bbox 599 2835 665 2883; x_wconf 87' lang='lat' dir='ltr'><strong>viros</strong></span> <span class='ocrx_word' id='word_1_143' title='bbox 676 2834 770 2899; x_wconf 78' lang='lat' dir='ltr'><strong>spirare</strong></span> <span class='ocrx_word' id='word_1_144' title='bbox 781 2833 890 2883; x_wconf 78' lang='lat' dir='ltr'><strong>metullo.</strong></span> 
     </span>
    </p>
   </div>
   <div class='ocr_carea' id='block_1_7' title="bbox 0 0 1156 3590">
    <p class='ocr_par' dir='ltr' id='par_1_8' title="bbox 0 0 1156 3590">
     <span class='ocr_line' id='line_1_30' title="bbox 0 0 1156 3590; baseline 0 1"><span class='ocrx_word' id='word_1_145' title='bbox 0 0 1156 3590; x_wconf 95' lang='lat' dir='ltr'><strong> </strong></span> 
     </span>
    </p>
   </div>
  </div>
 </body>
</html>
