2310 3592
432 406 535 449 OVIDI
540 408 561 450 U
564 407 589 449 S.

470 564 540 601 cuv.

369 672 496 726 Remedia
508 673 627 728 Amoris.

155 786 434 934 nuncius
444 826 487 861 ars
500 813 741 863 manducarent.
778 812 846 862 nan

156 902 274 967 nia-Q*
342 900 454 958 tempore
465 903 579 959 prosunt,

160 935 275 1023 ‘3¹¹¹''3i
310 974 344 1024 Et
354 974 414 1025 data
424 991 474 1024 non
485 984 544 1042 apto
556 984 667 1041 tempore
679 977 736 1025 vina
747 983 844 1027 nocent.

148 1052 217 1114 Quin
227 1056 304 1103 etiam
315 1056 435 1105 accendas
445 1057 517 1119 vicia,
528 1058 665 1122 inritesque
675 1057 797 1123 vetand03

181 1136 347 1201 Temporibus
359 1138 380 1186 si
391 1154 441 1187 uon
452 1138 599 1204 adgrediare
610 1141 670 1190 suis.

148 1218 219 1284 Ergo
229 1219 274 1268 ubi
285 1220 353 1269 visua
363 1221 413 1270 eris
423 1228 524 1270 nostrae
535 1223 689 1272 medicabilis
700 1224 760 1285 arti,

180 1301 232 1349 Fac
242 1302 344 1351 monitis
355 1302 438 1367 fugias
448 1304 500 1352 otia
510 1305 672 1368 prima‘ineis.

148 1380 228 1446 Haec,
235 1392 266 1432 ut
276 1399 352 1441 amca,
359 1384 454 1434 faciunt
464 1404 471 1437 ι
488 1386 558 1446 haec,
565 1387 632 1450 quod
641 1385 732 1449 fecere,
741 1394 856 1438 tuenturz

180 1463 250 1513 Haec
262 1473 321 1513 sunt
331 1465 432 1514 iucundi
442 1481 518 1515 causa
528 1467 648 1530 cibusque
658 1467 724 1516 mali.

152 1544 211 1595 Otia
222 1547 243 1596 si
256 1546 336 1603 tollas,
347 1547 443 1611 periere
454 1547 586 1611 Cupidinis
597 1564 679 1611 arcus,

179 1627 375 1691 contemtaeque
387 1631 469 1677 iacent
479 1636 505 1678 et
516 1631 569 1678 sine
580 1629 644 1691 lnce,
655 1629 733 1679 facea.

147 1708 230 1770 Quum
241 1709 360 1775 platanus
370 1711 428 1759 vino
438 1711 539 1775 gaudet,
551 1728 626 1776 quam
638 1712 743 1777 populus
756 1713 830 1775 unda,

177 1791 210 1841 Et
221 1808 298 1858 quam
309 1792 397 1842 limosa
408 1809 488 1842 canna
497 1794 616 1858 palustris
625 1795 710 1853 humo,

148 1870 209 1922 Tam
218 1873 309 1923 Venus
318 1874 369 1922 otia
378 1881 453 1923 amat.
482 1874 532 1935 Qui
540 1874 614 1923 finem
624 1876 722 1938 quaeris
730 1877 853 1925 amoris—

180 1954 255 2006 Cedit
267 1972 337 2005 amor
348 1957 497 2006 rebus—res
508 1973 563 2022 age,
574 1964 645 2006 tutus
656 1959 713 2008 eris.

148 2037 275 2106 Languor,
285 2045 312 2087 et
323 2038 439 2088 inmodici
450 2038 496 2088 sub
507 2038 576 2087 nullo
587 2039 683 2087 vindice
695 2042 784 2102 somni,

177 2121 303 2184 Aleaque,
313 2126 340 2169 at
350 2119 428 2168 multo
440 2127 554 2184 tempora
564 2136 656 2185 quassa
666 2136 735 2169 merc

148 2202 264 2268 Eripiunt
275 2217 361 2250 omues
372 2201 461 2250 animis
473 2203 526 2250 sine
537 2202 638 2250 vulnere
650 2219 747 2252 nervos.

176 2283 279 2332 Adfluit
289 2283 397 2331 incautis
408 2283 541 2332 insidiosus
552 2285 640 2332 Amor.

147 2363 274 2414 Desidiam
285 2380 349 2428 puer
360 2363 403 2412 illa
412 2365 482 2427 sequi
493 2365 562 2414 solet.
600 2364 661 2415 Odit
671 2374 780 2431 agentes.

176 2446 219 2494 Da
229 2460 323 2494 vacuae
335 2446 421 2507 menti,
433 2460 483 2509 quc
494 2454 617 2508 tencatur,
628 2461 697 2510 opus.

148 2525 210 2576 Sunt
221 2527 295 2576 fora:
313 2533 372 2575 sunt
382 2526 462 2591 leges:
480 2535 547 2589 sunt,
559 2544 621 2593 quos
634 2528 735 2586 tuearis,
746 2530 835 2580 amici:

179 2609 254 2659 Vade
264 2625 311 2674 per
321 2608 432 2658 urbanae
443 2609 572 2673 splendida
583 2617 666 2659 castra
674 2618 755 2675 togae.

148 2689 197 2739 Vel
207 2698 235 2740 tu
246 2690 378 2756 sanguinei
390 2690 514 2740 iuvenalia
524 2707 629 2741 munera
641 2691 733 2741 Martis

179 2771 297 2838 Suscipa:
314 2771 419 2822 deliciae
431 2773 481 2821 iam
492 2773 539 2822 tibi
550 2782 621 2839 terga
631 2772 737 2824 dabunt.

660 2870 685 2905 v,
699 2859 816 2907 lul-154.
