2320 3590
316 426 360 470 ¹06
457 416 692 462 Ammonem
718 418 864 462 LATINA.

343 513 461 565 Forsitan
471 522 506 578 et,
517 514 613 565 PrIami
623 514 718 565 fuerint
728 531 793 579 quae
803 515 864 572 fata.
876 513 996 579 requiras

312 594 392 645 Urbis
402 596 441 646 nti
452 603 540 661 eaptae
550 611 636 645 casnm
646 596 811 661 convolsaque
821 596 885 645 vidit

311 674 411 726 Limina
419 683 540 726 teewrnm
547 682 573 726 et
580 677 689 726 medium
698 677 725 726 in
730 677 901 742 penetralibus
907 676 1014 739 hostem,

312 757 393 807 Arma
403 757 447 807 diu
458 759 541 808 senior
552 758 655 808 desueta
665 758 830 808 trementibus
839 773 902 807 aevo

312 837 457 889 circumdat
467 841 619 905 nequiquam
630 839 749 900 humeris,
761 846 787 889 st
797 838 885 888 inutile
896 838 992 888 ferrum

312 919 438 986 Cingitur,
449 936 479 970 ao
489 921 578 971 densos
588 921 670 971 ierim
680 922 818 970 moriturus
828 921 855 969 in
864 920 952 971 hostia.

312 1001 426 1055 Aedibus
436 1002 464 1051 in
473 1002 562 1052 mediis
571 1002 688 1067 nudoque
696 1002 744 1051 sub
755 1001 864 1051 aetheris
875 1016 924 1050 axe

312 1084 405 1150 Ingens
415 1100 462 1135 ara
472 1084 521 1135 fuit
532 1086 653 1150 iuxtaque
663 1085 797 1134 veterrima
808 1083 903 1145 laurus,

311 1165 461 1216 Incumbens
470 1181 530 1216 arae
540 1173 617 1230 atque
627 1166 718 1215 umbra
727 1164 850 1230 oonplexa
860 1165 972 1215 Penatis.

312 1247 361 1296 Hic
374 1247 477 1297 Heanba
487 1254 513 1297 at
523 1254 597 1297 natae
607 1248 760 1312 nequiquam
772 1246 863 1296 altaria
874 1246 978 1308 circum,

313 1328 467 1394 Praecipites
477 1336 534 1379 atra
544 1344 590 1379 oau
601 1335 748 1394 tempestate
758 1327 897 1385 columbae,

312 1409 458 1460 Oondenaae
469 1417 496 1460 st
505 1410 587 1460 divom
598 1410 730 1476 amplexae
741 1410 876 1459 simulacra
885 1408 1015 1459 sedebant.

313 1491 400 1556 Ipsum
409 1499 493 1541 antem
504 1492 609 1557 sumptis
620 1491 749 1540 Priamum
761 1490 917 1540 iuvenalibus
927 1490 1004 1540 armis

313 1571 351 1622 Ut
361 1572 433 1632 vidit,
443 1571 516 1633 Quae
526 1584 597 1622 mens
606 1579 658 1622 tam
670 1572 736 1634 dira,
746 1572 885 1621 miserrima
896 1571 1015 1632 eoniunx,

313 1653 409 1719 Inpulit
417 1653 458 1703 his
468 1654 536 1720 cingi
547 1653 625 1704 telis?
642 1660 688 1702 aut
698 1668 748 1718 qno
758 1652 834 1701 ruis?
850 1652 940 1716 inquit.

314 1733 372 1784 Non
385 1734 431 1785 tali
441 1734 537 1785 auxilio
546 1750 593 1783 neo
604 1734 775 1784 defensoribus
786 1733 842 1784 istis

314 1815 424 1881 Tempus
444 1822 522 1882 eget3
546 1831 606 1873 non,
623 1815 646 1864 si
668 1814 723 1881 ipse
740 1830 812 1864 meus
830 1828 897 1863 nuno
918 1812 1014 1863 adforet

412 1900 514 1948 Hector.

314 1979 372 2029 Huo
382 1979 483 2028 tandem
493 1978 616 2044 eoncede3
633 1978 696 2028 haee
706 1994 752 2028 ara
762 1977 875 2027 tuebitur
884 1976 974 2037 omnis,

314 2063 370 2112 Aut·
380 2061 487 2111 moriere
498 2060 580 2111 simul.
616 2060 657 2110 Sic
668 2076 711 2110 ore
722 2059 798 2109 effata
808 2059 902 2124 reeapit

314 2142 357 2192 Ad
369 2157 422 2192 sese
432 2149 458 2192 st
468 2157 539 2191 sacra
549 2141 699 2207 longaevum
709 2143 736 2190 in
747 2139 806 2190 sads
816 2140 913 2189 locavit.

347 2223 505 2273 meantem
516 2222 615 2287 elapsus
626 2222 721 2288 Pyrrhi
731 2221 763 2270 de
774 2220 849 2270 caede
859 2218 961 2281 Polites,

314 2304 388 2355 Unus
398 2310 514 2354 natorum
525 2303 630 2365 Priami,
640 2318 686 2368 per
697 2301 756 2364 tela,
766 2317 811 2367 per
820 2301 900 2351 hostis

314 2385 456 2436 Porticibus
465 2384 547 2451 longis
558 2383 633 2449 fugit,
643 2391 670 2433 et
680 2398 758 2434 vaona
768 2383 834 2433 atria
844 2381 936 2432 lustrat

315 2464 420 2515 Saucius
430 2485 437 2515 s
454 2465 525 2515 illum
534 2466 625 2514 ardens
636 2464 727 2514 infesto
737 2464 837 2514 volnere
848 2461 963 2528 Pyrrhus

314 2546 467 2610 Insequitur,
476 2547 526 2596 iam
533 2547 632 2610 iamque
638 2560 715 2593 mann
722 2551 791 2594 tenet
798 2551 824 2593 at
829 2543 921 2608 premit
927 2541 1012 2590 hastas

315 2627 353 2678 Ut
364 2628 464 2678 tandem
475 2636 534 2678 ante
544 2628 629 2678 oeulos
640 2628 720 2677 evasit
728 2635 755 2676 et
764 2641 809 2676 ora
818 2631 959 2692 parentum,

315 2709 438 2768 Concidit,
448 2725 478 2759 aa
486 2710 566 2759 multo
575 2710 653 2759 vitam
664 2725 722 2759 eum
732 2709 853 2774 sangnine
863 2706 934 2756 fudit.

316 2792 365 2841 Hie
387 2791 513 2855 Priamus,
535 2805 687 2856 quamquam
710 2790 737 2839 in
758 2788 841 2839 media
864 2788 915 2837 iam
937 2791 1013 2834 morte

412 2880 522 2935 renem,
