2320 3590
324 408 368 466 138
462 398 697 443 ANTHOLOGIA
717 400 864 441 LATJNA.

321 498 383 561 Nec,
394 514 444 562 quo
455 513 482 546 ae
493 497 590 561 eripiat.
599 510 653 557 nec,
662 511 713 559 qua
725 497 750 543 vi
761 494 848 544 tendat
855 496 882 544 in
893 495 995 557 hostem,

321 579 373 628 Nec
381 594 469 627 currus
477 592 582 642 usquam
593 576 661 625 videt
670 577 833 641 aurigamque
845 592 961 626 sororem.

320 661 452 710 Cunctanti
463 659 538 708 telum
550 659 651 707 Aeneas
661 657 737 707 fatale
748 668 871 716 coruscat,

320 742 428 791 Sortitus
439 742 564 790 fortunam
575 739 661 801 oculis,
673 747 698 787 et
708 754 812 804 corpore
822 747 875 789 toto

320 824 425 872 Eminus
435 824 570 886 intorquet.
602 820 697 869 Murali
707 823 803 869 concita
813 837 952 887 numquam

320 903 453 952 Tormenta
463 904 498 952 sic
509 917 571 951 saxa
580 901 698 958 fremunt,
709 917 754 950 nee
765 902 870 952 fulmine
881 906 945 953 tenti

320 985 463 1033 Dissultant
472 984 587 1048 crepitus.
623 980 701 1031 Volat
712 984 762 1031 atri
773 983 882 1032 turbinis
893 984 971 1033 instar

321 1066 434 1114 Exitium
442 1065 525 1113 dirum
535 1064 608 1112 hasta
618 1066 709 1126 ferens,
719 1079 826 1128 orasque
837 1064 942 1114 recludit

320 1146 423 1195 Lorieae
432 1154 457 1194 et
467 1145 541 1210 clipei
551 1152 676 1193 extremos
687 1145 854 1209 septemplicis
864 1146 940 1194 orbis.

321 1227 372 1276 Per
381 1227 490 1276 medium
502 1225 611 1275 stridens
621 1228 713 1275 transit
724 1226 812 1275 femur.
847 1227 940 1276 Incidit
950 1228 1011 1277 ictus

321 1309 412 1375 Ingens
422 1308 454 1356 ad
465 1315 558 1356 terram
568 1306 693 1370 duplicato
702 1307 796 1371 poplite
807 1305 919 1357 Turnus.

321 1389 483 1455 Consurgunt
493 1391 588 1455 gemitu
599 1388 696 1448 Rutuli,
708 1395 824 1452 totusque
835 1391 945 1455 remugit

321 1471 395 1520 Mons
405 1473 508 1528 circum,
518 1479 545 1518 et
556 1485 639 1518 vocem
651 1469 702 1518 late
710 1486 812 1519 nemora
822 1470 874 1519 alta
883 1472 1017 1519 remittunt.

320 1553 367 1602 Ille
379 1552 480 1602 humilia
490 1551 646 1617 supplexque
657 1552 741 1601 oculos
752 1551 917 1615 dextramque
926 1567 1022 1618 precari·

417 1641 467 1682 tem

320 1714 482 1775 Protendens‚
492 1712 616 1777 Equidem
627 1713 716 1775 merui,
727 1728 772 1761 nec
783 1713 910 1778 deprecor,
922 1715 1003 1778 inquit
1014 1733 1020 1777 3

321 1796 401 1845 Utere
413 1802 479 1844 sorte
490 1803 541 1844 tua.
577 1794 667 1843 Miseri
677 1801 702 1842 te
714 1795 734 1842 ai
746 1809 796 1857 qua
805 1796 918 1859 parentis

320 1877 436 1942 Tangere
447 1891 508 1925 cura
515 1882 607 1940 potest,
619 1875 754 1936 ore-fuit
765 1883 791 1924 et
801 1876 847 1924 tibi
857 1875 917 1925 talis

320 1959 444 2008 Anchises
454 1958 669 2023 genitor-Dauni
678 1957 794 2005 miserere
806 1965 929 2020 senectae,

320 2041 355 2089 Et
365 2056 413 2101 me,
425 2055 469 2088 seu
478 2055 568 2104 corpus
579 2038 711 2104 spoliatum
721 2037 814 2087 lumine
825 2041 914 2102 maria,

283 2135 284 2139 ’
322 2121 408 2171 Redde
418 2122 488 2170 meis.
523 2121 624 2177 Vicisti,
635 2128 661 2169 et
672 2120 763 2168 victum
774 2119 878 2169 tendere
888 2119 986 2185 pulmaa

321 2205 428 2253 Ausonii
438 2203 536 2265 videre3
554 2208 646 2251 tuaest
658 2202 763 2250 Lavinia
772 2202 898 2251 coniunxi

321 2285 434 2334 Ulterius
445 2300 476 2333 ne
486 2283 559 2333 tende
570 2283 640 2333 odiis.
676 2282 753 2331 Stetit
766 2297 825 2331 acer
835 2284 862 2331 in
872 2284 950 2331 armis

321 2365 430 2428 Aeneas,
441 2365 540 2413 volvens
550 2363 641 2419 oculos,
652 2362 817 2426 dextramque
826 2363 961 2427 repressit3

321 2447 354 2496 Ilt
366 2449 415 2495 iam
426 2448 525 2509 iamque
536 2445 617 2509 magis
627 2450 783 2493 cunctantem
793 2442 893 2492 flectere
902 2458 983 2492 sermo

321 2527 452 2592 Coeperat,
463 2527 550 2576 infelix
561 2526 666 2574 humero
675 2540 732 2574 eum
743 2523 860 2589 adparuit
870 2523 922 2573 alto

321 2609 425 2657 Balteus
433 2617 459 2658 et
469 2609 534 2657 notis
543 2607 668 2655 fulserunt
678 2606 778 2671 cingula
788 2604 864 2654 bullis

321 2688 442 2739 Pallantis
452 2690 535 2755 pueri,
544 2690 637 2737 victum
647 2703 719 2751 quem
731 2686 830 2735 volnere
842 2685 946 2735 Turnus

322 2770 451 2821 Straverat
462 2778 538 2835 atque
548 2770 658 2818 humeris
669 2770 796 2818 inimicum
807 2768 907 2834 insigne
915 2768 1021 2834 gerebat.

321 2851 376 2914 Ille,
387 2853 463 2902 oculis
473 2860 604 2918 postquam
614 2851 681 2900 saevi
691 2856 849 2899 monumenta
860 2848 952 2898 doloris
