2320 3590
321 423 351 465 86
452 413 688 456 All'THOLOGIA
715 412 863 456 LA'TJNA.

318 511 373 557 Aut
383 509 511 558 coniurato
522 507 672 557 descendens
685 507 771 556 Dacus
782 508 814 556 ab
826 508 924 564 Histro,

318 590 377 638 Non
387 606 427 639 res
439 590 566 638 Romanae
576 589 738 654 perituraque
749 604 829 655 regna
838 609 845 654 3
864 605 947 654 neque
957 590 1002 638 ille

318 673 374 721 Aut
384 671 463 720 doluit
473 671 595 719 miserans
606 672 714 735 inopem,
725 678 771 720 aut
780 672 869 721 invidit
879 670 992 721 habenti

320 753 389 813 Quos
400 753 464 801 rami
475 752 583 814 fructus,
594 767 657 816 quos
668 754 723 816 ipsa
733 753 843 802 volentia
853 768 914 802 rura

320 835 413 900 Sponte
423 834 504 883 tulere
514 849 568 894 sua,
580 834 673 898 carpsit
682 853 690 898 3
708 849 754 883 nec
765 834 849 883 ferrea
858 836 916 884 iura

320 916 489 979 Insanumque
501 915 583 963 furum
594 924 639 963 aut
649 915 735 979 pepuli
745 916 870 965 tabularia
880 916 952 966 vidit

322 998 462 1047 Sollicitant
472 997 517 1045 alii
526 998 602 1046 remis
613 997 680 1045 freta
689 1012 772 1059 caeca,
783 1005 910 1062 ruuntque

320 1079 352 1128 In
362 1080 466 1138 ferrum,
475 1084 608 1143 penetrant
619 1077 690 1126 aulas
700 1085 726 1126 et
735 1078 822 1127 limina
832 1094 939 1144 regum3

321 1161 371 1208 Hic
382 1160 445 1224 petit
455 1158 571 1207 exscidiis
583 1158 669 1207 urbem
684 1160 837 1224 miserosque
847 1160 962 1221 Penatis,

322 1241 360 1290 Ut
370 1256 468 1306 gemma
478 1241 548 1290 bibat
559 1247 586 1289 et
599 1239 709 1290 Sarrano
719 1242 827 1291 dormiat
837 1250 922 1307 ostro,

323 1322 414 1371 Condit
424 1338 483 1387 opes
494 1322 566 1380 alius,
578 1321 726 1386 defossoque
735 1323 837 1372 incubat
846 1338 926 1388 auro3

322 1404 371 1452 Hie
378 1411 461 1467 stupet
470 1405 593 1453 attonitus
602 1405 714 1469 Rostris3
731 1404 798 1453 hunc
806 1405 909 1469 plausus
915 1405 1029 1455 hiantem

323 1485 373 1533 Per
384 1500 476 1534 cuneos
487 1487 629 1551 geminatus
640 1487 707 1534 enim
718 1485 848 1551 plebisque
858 1494 1012 1552 patrumque

324 1565 466 1630 Corripuit3
484 1567 595 1632 gaudent
605 1566 700 1633 perfusi
712 1567 834 1631 sanguine
845 1567 964 1629 fratrum,

323 1647 470 1711 Exsilicque
481 1647 567 1697 domos
578 1656 604 1697 et
615 1649 698 1697 dulcia
708 1647 795 1697 limina
805 1656 914 1709 mutant,

324 1730 411 1792 Atque
422 1728 471 1778 alio
481 1731 589 1794 patriam
600 1738 725 1794 quaerunt
736 1730 782 1779 sub
793 1729 844 1778 sole
854 1729 986 1778 iacentem⁴

325 1811 445 1876 Agricola
456 1813 559 1861 incurvo
570 1820 663 1861 terram
675 1811 780 1861 dimovit
789 1818 891 1861 aratro:

326 1892 392 1940 Hinc
402 1893 463 1940 anni
473 1892 552 1950 labor,
562 1892 621 1943 hine
632 1893 741 1958 patriam
751 1908 891 1957 parvosque
902 1893 1008 1944 Penatis

327 1973 447 2035 Sustinet,
458 1973 517 2023 hinc
528 1982 642 2024 armenta
652 1974 727 2023 boum
740 1974 890 2039 meritusque
903 1976 1032 2026 iuvencos.

326 2055 381 2104 Nec
391 2056 499 2119 requies,
510 2056 572 2121 quin
582 2065 627 2105 aut
637 2056 717 2121 pomis
727 2054 849 2104 exuberet
858 2071 948 2119 annus,

326 2139 382 2186 Aut
396 2137 449 2187 fetu
460 2153 586 2201 pecorum,
598 2146 642 2186 aut
653 2136 764 2187 Cerealis
774 2138 880 2202 mergite
889 2139 976 2201 culmi,

326 2218 503 2282 Proventuque
513 2226 601 2268 oneret
612 2218 693 2268 sulcos
704 2224 781 2283 atque
792 2218 882 2267 horrea
893 2221 987 2272 vincat.

327 2298 407 2348 Venit
417 2299 522 2364 hiemps,
534 2300 625 2349 teritur
636 2298 754 2364 Sicyonia
764 2299 826 2348 baca
836 2302 952 2364 trapetis,

328 2379 426 2429 Glande
436 2395 493 2428 sues
503 2379 563 2428 laeti
573 2379 688 2441 redeunt,
698 2377 759 2428 dant
769 2378 860 2427 arbuta
870 2379 966 2445 silvae3

328 2459 362 2508 Et
372 2460 454 2508 varios
464 2460 534 2524 ponit
544 2459 611 2508 l'etus
621 2467 765 2521 autumnus,
776 2466 802 2508 et
812 2458 863 2508 alte

329 2540 400 2590 Mitis
411 2541 437 2589 in
448 2541 541 2605 apricis
551 2542 668 2606 coquitur
678 2539 803 2589 vindemia
813 2541 888 2589 saxia

328 2620 429 2670 interea
440 2621 523 2671 dulces
533 2621 642 2686 pendent
652 2623 746 2670 circum
756 2620 841 2670 oscula
851 2623 915 2683 nati,

330 2696 405 2747 Casta
416 2699 560 2763 pudicitiam
572 2707 655 2749 servat
665 2700 763 2763 domus,
773 2698 851 2748 ubera
861 2714 953 2749 vaccae

329 2777 422 2829 hctea
432 2781 574 2840 demittunt,
586 2782 741 2847 pinguesque
752 2782 779 2830 in
790 2781 906 2846 gramine
917 2781 986 2832 laeto

327 2859 402 2919 ¹Inter
412 2876 438 2910 se
449 2862 559 2913 adversis
569 2863 697 2913 luctantur
706 2863 823 2913 cornibus
833 2861 915 2913 haedi.
