<?xml version="1.0" encoding="UTF-8"?>
<!DOCTYPE html PUBLIC "-//W3C//DTD XHTML 1.0 Transitional//EN"
    "http://www.w3.org/TR/xhtml1/DTD/xhtml1-transitional.dtd">
<html xmlns="http://www.w3.org/1999/xhtml" xml:lang="en" lang="en">
 <head>
  <title>
</title>
<meta http-equiv="Content-Type" content="text/html;charset=utf-8" />
  <meta name='ocr-system' content='tesseract 3.04.00' />
  <meta name='ocr-capabilities' content='ocr_page ocr_carea ocr_par ocr_line ocrx_word'/>
</head>
<body>
  <div class='ocr_page' id='page_1' title='image "./anthologialatin02thacgoog_0245.png"; bbox 0 0 2310 3592; ppageno 0'>
   <div class='ocr_carea' id='block_1_1' title="bbox 289 397 840 448">
    <p class='ocr_par' dir='ltr' id='par_1_1' title="bbox 289 397 840 448">
     <span class='ocr_line' id='line_1_1' title="bbox 289 397 840 448; baseline -0.016 0"><span class='ocrx_word' id='word_1_1' title='bbox 289 413 336 448; x_wconf 80' lang='lat'>220</span> <span class='ocrx_word' id='word_1_2' title='bbox 434 398 669 442; x_wconf 73' lang='lat' dir='ltr'><em>ANTHOLOGIA</em></span> <span class='ocrx_word' id='word_1_3' title='bbox 694 397 840 441; x_wconf 74' lang='lat' dir='ltr'><em>LATJNA.</em></span> 
     </span>
    </p>
   </div>
   <div class='ocr_carea' id='block_1_2' title="bbox 611 653 670 688">
    <p class='ocr_par' dir='ltr' id='par_1_2' title="bbox 611 653 670 688">
     <span class='ocr_line' id='line_1_2' title="bbox 611 653 670 688; baseline 0 -1"><span class='ocrx_word' id='word_1_4' title='bbox 611 653 670 688; x_wconf 74' lang='lat' dir='ltr'><strong>CLV.</strong></span> 
     </span>
    </p>
   </div>
   <div class='ocr_carea' id='block_1_3' title="bbox 435 763 832 976">
    <p class='ocr_par' dir='ltr' id='par_1_3' title="bbox 435 763 832 976">
     <span class='ocr_line' id='line_1_3' title="bbox 435 763 832 836; baseline 0 -19"><span class='ocrx_word' id='word_1_5' title='bbox 435 765 685 836; x_wconf 69' lang='lat' dir='ltr'>Memmorpioseon.</span> <span class='ocrx_word' id='word_1_6' title='bbox 729 763 791 817; x_wconf 86' lang='lat' dir='ltr'>Lib.</span> <span class='ocrx_word' id='word_1_7' title='bbox 804 763 832 817; x_wconf 78' lang='lat' dir='ltr'>ii,</span> 
     </span>
     <span class='ocr_line' id='line_1_4' title="bbox 557 906 722 976; baseline -0.024 -17"><span class='ocrx_word' id='word_1_8' title='bbox 557 906 628 959; x_wconf 77' lang='lat' dir='ltr'>Solia</span> <span class='ocrx_word' id='word_1_9' title='bbox 639 906 722 976; x_wconf 81' lang='lat' dir='ltr'>regia.</span> 
     </span>
    </p>
   </div>
   <div class='ocr_carea' id='block_1_4' title="bbox 295 1017 992 1188">
    <p class='ocr_par' dir='ltr' id='par_1_4' title="bbox 295 1017 992 1192">
     <span class='ocr_line' id='line_1_5' title="bbox 295 1017 992 1122; baseline 0.02 -42"><span class='ocrx_word' id='word_1_10' title='bbox 295 1017 502 1122; x_wconf 35' lang='lat' dir='ltr'>&amp;mmm</span> <span class='ocrx_word' id='word_1_11' title='bbox 511 1038 575 1089; x_wconf 87' lang='lat' dir='ltr'>Solis</span> <span class='ocrx_word' id='word_1_12' title='bbox 583 1046 638 1088; x_wconf 78' lang='lat' dir='ltr'>erat</span> <span class='ocrx_word' id='word_1_13' title='bbox 646 1038 792 1088; x_wconf 84' lang='lat' dir='ltr'>sublimibus</span> <span class='ocrx_word' id='word_1_14' title='bbox 799 1037 852 1087; x_wconf 80' lang='lat' dir='ltr'>alta</span> <span class='ocrx_word' id='word_1_15' title='bbox 860 1037 992 1094; x_wconf 81' lang='lat' dir='ltr'>columnis.</span> 
     </span>
     <span class='ocr_line' id='line_1_6' title="bbox 339 1107 990 1188; baseline 0.004 -20.851"><span class='ocrx_word' id='word_1_16' title='bbox 339 1107 359 1188; x_wconf 36' lang='grc' dir='ltr'>ἰ</span> <span class='ocrx_word' id='word_1_17' title='bbox 368 1111 400 1155; x_wconf 45' lang='lat'>‘⁹3‘</span> <span class='ocrx_word' id='word_1_18' title='bbox 429 1121 505 1172; x_wconf 85' lang='lat' dir='ltr'>Clara</span> <span class='ocrx_word' id='word_1_19' title='bbox 515 1123 622 1170; x_wconf 78' lang='lat' dir='ltr'>micante</span> <span class='ocrx_word' id='word_1_20' title='bbox 633 1136 694 1170; x_wconf 88' lang='lat' dir='ltr'>auro</span> <span class='ocrx_word' id='word_1_21' title='bbox 701 1120 865 1184; x_wconf 82' lang='lat' dir='ltr'>flammaeque</span> <span class='ocrx_word' id='word_1_22' title='bbox 877 1121 990 1170; x_wconf 75' lang='lat' dir='ltr'><strong>imitante</strong></span> 
     </span>
    </p>
   </div>
   <div class='ocr_carea' id='block_1_5' title="bbox 289 1193 896 1351">
    <p class='ocr_par' dir='ltr' id='par_1_5' title="bbox 289 1193 896 1351">
     <span class='ocr_line' id='line_1_7' title="bbox 305 1193 600 1268; baseline -0.007 -1"><span class='ocrx_word' id='word_1_23' title='bbox 305 1193 306 1196; x_wconf 66' lang='grc'>’</span> <span class='ocrx_word' id='word_1_24' title='bbox 493 1218 600 1268; x_wconf 67' lang='lat' dir='ltr'>aaron,</span> 
     </span>
     <span class='ocr_line' id='line_1_8' title="bbox 289 1283 896 1351; baseline 0.002 -20"><span class='ocrx_word' id='word_1_25' title='bbox 289 1283 367 1332; x_wconf 77' lang='lat' dir='ltr'>Cuius</span> <span class='ocrx_word' id='word_1_26' title='bbox 377 1284 440 1333; x_wconf 90' lang='lat' dir='ltr'>ebur</span> <span class='ocrx_word' id='word_1_27' title='bbox 446 1285 553 1334; x_wconf 86' lang='lat' dir='ltr'>nitidum</span> <span class='ocrx_word' id='word_1_28' title='bbox 564 1285 665 1351; x_wconf 80' lang='lat' dir='ltr'>fastigia</span> <span class='ocrx_word' id='word_1_29' title='bbox 676 1300 773 1334; x_wconf 81' lang='lat' dir='ltr'>summa</span> <span class='ocrx_word' id='word_1_30' title='bbox 783 1284 896 1350; x_wconf 74' lang='lat' dir='ltr'>tegebat,</span> 
     </span>
    </p>
   </div>
   <div class='ocr_carea' id='block_1_6' title="bbox 289 1361 980 2892">
    <p class='ocr_par' dir='ltr' id='par_1_6' title="bbox 289 1361 980 2892">
     <span class='ocr_line' id='line_1_9' title="bbox 290 1361 853 1427; baseline 0.002 -16"><span class='ocrx_word' id='word_1_31' title='bbox 290 1362 399 1427; x_wconf 79' lang='lat' dir='ltr'>Argenti</span> <span class='ocrx_word' id='word_1_32' title='bbox 408 1363 500 1413; x_wconf 78' lang='lat' dir='ltr'>bifores</span> <span class='ocrx_word' id='word_1_33' title='bbox 510 1363 644 1413; x_wconf 72' lang='lat' dir='ltr'>radiabant</span> <span class='ocrx_word' id='word_1_34' title='bbox 654 1362 747 1412; x_wconf 88' lang='lat' dir='ltr'>lumine</span> <span class='ocrx_word' id='word_1_35' title='bbox 757 1361 853 1412; x_wconf 82' lang='lat' dir='ltr'>valvae.</span> 
     </span>
     <span class='ocr_line' id='line_1_10' title="bbox 290 1444 946 1511; baseline 0.002 -18"><span class='ocrx_word' id='word_1_36' title='bbox 290 1444 424 1494; x_wconf 72' lang='lat' dir='ltr'>Materiam</span> <span class='ocrx_word' id='word_1_37' title='bbox 434 1446 568 1511; x_wconf 82' lang='lat' dir='ltr'>superabat</span> <span class='ocrx_word' id='word_1_38' title='bbox 579 1461 657 1510; x_wconf 85' lang='lat' dir='ltr'>opua:</span> <span class='ocrx_word' id='word_1_39' title='bbox 683 1445 750 1494; x_wconf 87' lang='lat' dir='ltr'>Nam</span> <span class='ocrx_word' id='word_1_40' title='bbox 760 1444 887 1494; x_wconf 82' lang='lat' dir='ltr'><strong>Mulciber</strong></span> <span class='ocrx_word' id='word_1_41' title='bbox 895 1444 946 1494; x_wconf 87' lang='lat' dir='ltr'>illio</span> 
     </span>
     <span class='ocr_line' id='line_1_11' title="bbox 289 1525 880 1593; baseline 0.007 -20"><span class='ocrx_word' id='word_1_42' title='bbox 289 1525 409 1589; x_wconf 85' lang='lat' dir='ltr'>Aequora</span> <span class='ocrx_word' id='word_1_43' title='bbox 419 1527 535 1585; x_wconf 79' lang='lat' dir='ltr'>caelarat,</span> <span class='ocrx_word' id='word_1_44' title='bbox 546 1528 640 1577; x_wconf 86' lang='lat' dir='ltr'>medias</span> <span class='ocrx_word' id='word_1_45' title='bbox 650 1527 777 1593; x_wconf 83' lang='lat' dir='ltr'><strong>cingentia</strong></span> <span class='ocrx_word' id='word_1_46' title='bbox 788 1534 880 1585; x_wconf 84' lang='lat' dir='ltr'>terrae,</span> 
     </span>
     <span class='ocr_line' id='line_1_12' title="bbox 290 1606 962 1672; baseline -0.001 -16"><span class='ocrx_word' id='word_1_47' title='bbox 290 1606 474 1672; x_wconf 81' lang='lat' dir='ltr'>Terrarumque</span> <span class='ocrx_word' id='word_1_48' title='bbox 489 1609 584 1672; x_wconf 89' lang='lat' dir='ltr'>orbem,</span> <span class='ocrx_word' id='word_1_49' title='bbox 594 1609 748 1672; x_wconf 83' lang='lat' dir='ltr'>caelumque,</span> <span class='ocrx_word' id='word_1_50' title='bbox 764 1607 832 1672; x_wconf 86' lang='lat' dir='ltr'>quod</span> <span class='ocrx_word' id='word_1_51' title='bbox 848 1608 962 1656; x_wconf 81' lang='lat' dir='ltr'><strong>imminet</strong></span> 
     </span>
     <span class='ocr_line' id='line_1_13' title="bbox 391 1690 455 1739; baseline 0 -1"><span class='ocrx_word' id='word_1_52' title='bbox 391 1690 455 1739; x_wconf 89' lang='lat' dir='ltr'>orbi.</span> 
     </span>
     <span class='ocr_line' id='line_1_14' title="bbox 290 1769 929 1829; baseline -0.005 -7"><span class='ocrx_word' id='word_1_53' title='bbox 290 1772 424 1823; x_wconf 74' lang='lat' dir='ltr'>Caeruleos</span> <span class='ocrx_word' id='word_1_54' title='bbox 434 1771 510 1821; x_wconf 80' lang='lat' dir='ltr'>babet</span> <span class='ocrx_word' id='word_1_55' title='bbox 520 1772 588 1821; x_wconf 87' lang='lat' dir='ltr'>unda</span> <span class='ocrx_word' id='word_1_56' title='bbox 598 1771 674 1829; x_wconf 84' lang='lat' dir='ltr'>Deos,</span> <span class='ocrx_word' id='word_1_57' title='bbox 685 1769 790 1820; x_wconf 67' lang='lat' dir='ltr'>&#39;lbitona</span> <span class='ocrx_word' id='word_1_58' title='bbox 800 1785 929 1828; x_wconf 82' lang='lat' dir='ltr'>canorum,</span> 
     </span>
     <span class='ocr_line' id='line_1_15' title="bbox 289 1852 977 1919; baseline -0.004 -16"><span class='ocrx_word' id='word_1_59' title='bbox 289 1854 429 1918; x_wconf 83' lang='lat' dir='ltr'>Proteaque</span> <span class='ocrx_word' id='word_1_60' title='bbox 439 1853 592 1919; x_wconf 75' lang='lat' dir='ltr'>ambiguum,</span> <span class='ocrx_word' id='word_1_61' title='bbox 603 1852 815 1917; x_wconf 85' lang='lat' dir='ltr'>balaenarumque</span> <span class='ocrx_word' id='word_1_62' title='bbox 824 1857 977 1917; x_wconf 80' lang='lat' dir='ltr'>promentem</span> 
     </span>
     <span class='ocr_line' id='line_1_16' title="bbox 289 1935 821 2000; baseline -0.002 -16"><span class='ocrx_word' id='word_1_63' title='bbox 289 1935 427 2000; x_wconf 85' lang='lat' dir='ltr'>Aegaeona</span> <span class='ocrx_word' id='word_1_64' title='bbox 438 1935 489 1984; x_wconf 83' lang='lat' dir='ltr'>suis</span> <span class='ocrx_word' id='word_1_65' title='bbox 500 1936 618 1984; x_wconf 88' lang='lat' dir='ltr'>immania</span> <span class='ocrx_word' id='word_1_66' title='bbox 629 1941 702 2000; x_wconf 81' lang='lat' dir='ltr'>terga</span> <span class='ocrx_word' id='word_1_67' title='bbox 711 1935 821 1995; x_wconf 81' lang='lat' dir='ltr'>laoertia,</span> 
     </span>
     <span class='ocr_line' id='line_1_17' title="bbox 289 2015 941 2081; baseline -0.002 -16"><span class='ocrx_word' id='word_1_68' title='bbox 289 2016 434 2081; x_wconf 89' lang='lat' dir='ltr'>Doridaque</span> <span class='ocrx_word' id='word_1_69' title='bbox 445 2024 471 2066; x_wconf 84' lang='lat' dir='ltr'>et</span> <span class='ocrx_word' id='word_1_70' title='bbox 480 2023 563 2075; x_wconf 78' lang='lat' dir='ltr'>natae,</span> <span class='ocrx_word' id='word_1_71' title='bbox 574 2032 681 2080; x_wconf 90' lang='lat' dir='ltr'>quarum</span> <span class='ocrx_word' id='word_1_72' title='bbox 691 2031 751 2081; x_wconf 86' lang='lat' dir='ltr'>para</span> <span class='ocrx_word' id='word_1_73' title='bbox 762 2031 823 2066; x_wconf 90' lang='lat' dir='ltr'>nare</span> <span class='ocrx_word' id='word_1_74' title='bbox 833 2015 941 2073; x_wconf 82' lang='lat' dir='ltr'>videtur,</span> 
     </span>
     <span class='ocr_line' id='line_1_18' title="bbox 289 2096 896 2162; baseline -0.002 -15"><span class='ocrx_word' id='word_1_75' title='bbox 289 2098 353 2147; x_wconf 83' lang='lat' dir='ltr'>Pars</span> <span class='ocrx_word' id='word_1_76' title='bbox 362 2100 389 2147; x_wconf 92' lang='lat' dir='ltr'>in</span> <span class='ocrx_word' id='word_1_77' title='bbox 398 2097 463 2147; x_wconf 89' lang='lat' dir='ltr'>mole</span> <span class='ocrx_word' id='word_1_78' title='bbox 474 2097 561 2147; x_wconf 84' lang='lat' dir='ltr'>sedena</span> <span class='ocrx_word' id='word_1_79' title='bbox 571 2098 662 2146; x_wconf 80' lang='lat' dir='ltr'>virides</span> <span class='ocrx_word' id='word_1_80' title='bbox 673 2098 766 2147; x_wconf 83' lang='lat' dir='ltr'>aiooare</span> <span class='ocrx_word' id='word_1_81' title='bbox 777 2096 879 2161; x_wconf 77' lang='lat' dir='ltr'>capillos</span> <span class='ocrx_word' id='word_1_82' title='bbox 888 2117 896 2162; x_wconf 72' lang='grc' dir='ltr'><strong>ς</strong></span> 
     </span>
     <span class='ocr_line' id='line_1_19' title="bbox 289 2179 944 2244; baseline -0.002 -16"><span class='ocrx_word' id='word_1_83' title='bbox 289 2179 360 2229; x_wconf 77' lang='lat' dir='ltr'>Pisae</span> <span class='ocrx_word' id='word_1_84' title='bbox 370 2180 428 2228; x_wconf 79' lang='lat' dir='ltr'>vehi</span> <span class='ocrx_word' id='word_1_85' title='bbox 438 2179 567 2244; x_wconf 88' lang='lat' dir='ltr'>quaedam.</span> <span class='ocrx_word' id='word_1_86' title='bbox 600 2179 688 2228; x_wconf 79' lang='lat' dir='ltr'>Facies</span> <span class='ocrx_word' id='word_1_87' title='bbox 698 2195 748 2228; x_wconf 91' lang='lat' dir='ltr'>nou</span> <span class='ocrx_word' id='word_1_88' title='bbox 758 2179 874 2228; x_wconf 89' lang='lat' dir='ltr'>omnibua</span> <span class='ocrx_word' id='word_1_89' title='bbox 884 2194 944 2239; x_wconf 88' lang='lat' dir='ltr'>una,</span> 
     </span>
     <span class='ocr_line' id='line_1_20' title="bbox 290 2259 958 2324; baseline -0.004 -13"><span class='ocrx_word' id='word_1_90' title='bbox 290 2261 343 2311; x_wconf 85' lang='lat' dir='ltr'>Nec</span> <span class='ocrx_word' id='word_1_91' title='bbox 354 2261 453 2310; x_wconf 85' lang='lat' dir='ltr'>diversa</span> <span class='ocrx_word' id='word_1_92' title='bbox 461 2269 545 2310; x_wconf 87' lang='lat' dir='ltr'>tamen</span> <span class='ocrx_word' id='word_1_93' title='bbox 556 2280 563 2311; x_wconf 72' lang='grc' dir='ltr'><strong><em>ε</em></strong></span> <span class='ocrx_word' id='word_1_94' title='bbox 580 2259 680 2324; x_wconf 84' lang='lat' dir='ltr'>qualem</span> <span class='ocrx_word' id='word_1_95' title='bbox 690 2260 762 2309; x_wconf 80' lang='lat' dir='ltr'>donet</span> <span class='ocrx_word' id='word_1_96' title='bbox 772 2275 826 2310; x_wconf 80' lang='lat' dir='ltr'>esea</span> <span class='ocrx_word' id='word_1_97' title='bbox 838 2274 958 2310; x_wconf 82' lang='lat' dir='ltr'>sororum</span> 
     </span>
     <span class='ocr_line' id='line_1_21' title="bbox 289 2341 918 2408; baseline -0.002 -17"><span class='ocrx_word' id='word_1_98' title='bbox 289 2343 370 2392; x_wconf 89' lang='lat' dir='ltr'>Terra</span> <span class='ocrx_word' id='word_1_99' title='bbox 380 2343 446 2392; x_wconf 77' lang='lat' dir='ltr'>viros</span> <span class='ocrx_word' id='word_1_100' title='bbox 457 2342 580 2406; x_wconf 78' lang='lat' dir='ltr'>urbesque</span> <span class='ocrx_word' id='word_1_101' title='bbox 591 2343 657 2408; x_wconf 79' lang='lat' dir='ltr'>gerit</span> <span class='ocrx_word' id='word_1_102' title='bbox 667 2341 791 2405; x_wconf 82' lang='lat' dir='ltr'>silvasque</span> <span class='ocrx_word' id='word_1_103' title='bbox 802 2342 918 2405; x_wconf 83' lang='lat' dir='ltr'>feraeque</span> 
     </span>
     <span class='ocr_line' id='line_1_22' title="bbox 289 2423 959 2489; baseline -0.001 -16"><span class='ocrx_word' id='word_1_104' title='bbox 289 2424 454 2488; x_wconf 83' lang='lat' dir='ltr'>Fluminaque</span> <span class='ocrx_word' id='word_1_105' title='bbox 465 2431 491 2473; x_wconf 81' lang='lat' dir='ltr'>et</span> <span class='ocrx_word' id='word_1_106' title='bbox 502 2423 633 2489; x_wconf 82' lang='lat' dir='ltr'>Nymphae</span> <span class='ocrx_word' id='word_1_107' title='bbox 644 2430 670 2473; x_wconf 84' lang='lat' dir='ltr'>et</span> <span class='ocrx_word' id='word_1_108' title='bbox 680 2430 764 2474; x_wconf 87' lang='lat' dir='ltr'>oetera</span> <span class='ocrx_word' id='word_1_109' title='bbox 773 2424 877 2472; x_wconf 91' lang='lat' dir='ltr'>numina</span> <span class='ocrx_word' id='word_1_110' title='bbox 886 2423 959 2473; x_wconf 75' lang='lat' dir='ltr'>ruris.</span> 
     </span>
     <span class='ocr_line' id='line_1_23' title="bbox 289 2504 918 2572; baseline -0.003 -17"><span class='ocrx_word' id='word_1_111' title='bbox 289 2506 361 2555; x_wconf 82' lang='lat' dir='ltr'>Haeo</span> <span class='ocrx_word' id='word_1_112' title='bbox 371 2506 563 2572; x_wconf 81' lang='lat' dir='ltr'>superinposita</span> <span class='ocrx_word' id='word_1_113' title='bbox 573 2513 612 2555; x_wconf 78' lang='lat' dir='ltr'>eat</span> <span class='ocrx_word' id='word_1_114' title='bbox 622 2504 686 2554; x_wconf 84' lang='lat' dir='ltr'>caeli</span> <span class='ocrx_word' id='word_1_115' title='bbox 696 2504 817 2570; x_wconf 81' lang='lat' dir='ltr'>fulgentis</span> <span class='ocrx_word' id='word_1_116' title='bbox 827 2505 918 2570; x_wconf 79' lang='lat' dir='ltr'>imago,</span> 
     </span>
     <span class='ocr_line' id='line_1_24' title="bbox 290 2585 980 2652; baseline -0.006 -17"><span class='ocrx_word' id='word_1_117' title='bbox 290 2586 416 2652; x_wconf 84' lang='lat' dir='ltr'>Signaque</span> <span class='ocrx_word' id='word_1_118' title='bbox 427 2603 472 2636; x_wconf 85' lang='lat' dir='ltr'>aex</span> <span class='ocrx_word' id='word_1_119' title='bbox 484 2587 579 2636; x_wconf 78' lang='lat' dir='ltr'>foribus</span> <span class='ocrx_word' id='word_1_120' title='bbox 590 2586 694 2643; x_wconf 80' lang='lat' dir='ltr'>dextris,</span> <span class='ocrx_word' id='word_1_121' title='bbox 705 2585 859 2650; x_wconf 75' lang='lat' dir='ltr'>totidemque</span> <span class='ocrx_word' id='word_1_122' title='bbox 869 2585 980 2634; x_wconf 75' lang='lat' dir='ltr'>sinistris.</span> 
     </span>
     <span class='ocr_line' id='line_1_25' title="bbox 291 2665 876 2731; baseline -0.002 -16"><span class='ocrx_word' id='word_1_123' title='bbox 291 2666 347 2727; x_wconf 83' lang='lat' dir='ltr'>Quo</span> <span class='ocrx_word' id='word_1_124' title='bbox 359 2667 432 2716; x_wconf 83' lang='lat' dir='ltr'>simul</span> <span class='ocrx_word' id='word_1_125' title='bbox 443 2667 535 2716; x_wconf 83' lang='lat' dir='ltr'>aeolivo</span> <span class='ocrx_word' id='word_1_126' title='bbox 546 2665 694 2731; x_wconf 83' lang='lat' dir='ltr'>Clymeneia</span> <span class='ocrx_word' id='word_1_127' title='bbox 703 2665 783 2714; x_wconf 83' lang='lat' dir='ltr'>limito</span> <span class='ocrx_word' id='word_1_128' title='bbox 793 2665 876 2731; x_wconf 75' lang='lat' dir='ltr'>proies</span> 
     </span>
     <span class='ocr_line' id='line_1_26' title="bbox 289 2747 852 2812; baseline 0.002 -15"><span class='ocrx_word' id='word_1_129' title='bbox 289 2747 377 2808; x_wconf 83' lang='lat' dir='ltr'>Venit,</span> <span class='ocrx_word' id='word_1_130' title='bbox 388 2756 414 2796; x_wconf 84' lang='lat' dir='ltr'>et</span> <span class='ocrx_word' id='word_1_131' title='bbox 424 2748 528 2798; x_wconf 82' lang='lat' dir='ltr'>intravit</span> <span class='ocrx_word' id='word_1_132' title='bbox 539 2748 645 2797; x_wconf 80' lang='lat' dir='ltr'>dubitati</span> <span class='ocrx_word' id='word_1_133' title='bbox 657 2755 723 2796; x_wconf 83' lang='lat' dir='ltr'>teuta</span> <span class='ocrx_word' id='word_1_134' title='bbox 732 2748 852 2812; x_wconf 83' lang='lat' dir='ltr'>parentia,</span> 
     </span>
     <span class='ocr_line' id='line_1_27' title="bbox 289 2825 889 2892; baseline -0.002 -15"><span class='ocrx_word' id='word_1_135' title='bbox 289 2826 407 2877; x_wconf 81' lang='lat' dir='ltr'>Protinus</span> <span class='ocrx_word' id='word_1_136' title='bbox 418 2826 450 2875; x_wconf 88' lang='lat' dir='ltr'>ad</span> <span class='ocrx_word' id='word_1_137' title='bbox 461 2827 555 2892; x_wconf 81' lang='lat' dir='ltr'>patrios</span> <span class='ocrx_word' id='word_1_138' title='bbox 566 2842 612 2876; x_wconf 82' lang='lat' dir='ltr'>sua</span> <span class='ocrx_word' id='word_1_139' title='bbox 622 2825 672 2875; x_wconf 82' lang='lat' dir='ltr'>fert</span> <span class='ocrx_word' id='word_1_140' title='bbox 681 2826 788 2892; x_wconf 79' lang='lat' dir='ltr'>vestigia</span> <span class='ocrx_word' id='word_1_141' title='bbox 797 2826 889 2889; x_wconf 79' lang='lat' dir='ltr'>vultus,</span> 
     </span>
    </p>
   </div>
   <div class='ocr_carea' id='block_1_7' title="bbox 0 0 1160 3592">
    <p class='ocr_par' dir='ltr' id='par_1_7' title="bbox 0 0 1160 3592">
     <span class='ocr_line' id='line_1_28' title="bbox 0 0 1160 3592; baseline 0 0"><span class='ocrx_word' id='word_1_142' title='bbox 0 0 1160 3592; x_wconf 95' lang='lat' dir='ltr'> </span> 
     </span>
    </p>
   </div>
  </div>
 </body>
</html>
